<?xml version='1.0' encoding='UTF-8'?>
<collection xmlns='http://www.loc.gov/MARC21/slim' xmlns:xsi='http://www.w3.org/2001/XMLSchema-instance' xsi:schemaLocation='http://www.loc.gov/MARC21/slim http://www.loc.gov/standards/marcxml/schema/MARC21slim.xsd'>
<record xmlns='http://www.loc.gov/MARC21/slim'><leader>01271nam a2200409   4500</leader><controlfield tag='005'>20180315120350.0</controlfield><controlfield tag='008'>970313s1970    nju      b    00110 eng  </controlfield><controlfield tag='001'>991000199399703811</controlfield><datafield ind1=' ' ind2=' ' tag='010'><subfield code='a'>71120796</subfield></datafield><datafield ind1=' ' ind2=' ' tag='020'><subfield code='a'>0131984403</subfield></datafield><datafield ind1=' ' ind2=' ' tag='035'><subfield code='a'>(PPT)b17708102-01tuli_inst</subfield></datafield><datafield ind1=' ' ind2=' ' tag='035'><subfield code='a'>(CStRLIN)ocn478387338</subfield><subfield code='9'>ExL</subfield></datafield><datafield ind1=' ' ind2=' ' tag='035'><subfield code='a'>PATG97-B09806</subfield></datafield><datafield ind1=' ' ind2=' ' tag='035'><subfield code='a'>ocm00098667</subfield></datafield><datafield ind1=' ' ind2=' ' tag='035'><subfield code='a'>(OCLC)ocm00098667</subfield></datafield><datafield ind1=' ' ind2=' ' tag='040'><subfield code='a'>DLC</subfield><subfield code='c'>DLC</subfield><subfield code='d'>DLC</subfield></datafield><datafield ind1=' ' ind2=' ' tag='043'><subfield code='a'>n-us-sc</subfield></datafield><datafield ind1=' ' ind2=' ' tag='079'><subfield code='a'>ocm00098667</subfield></datafield><datafield ind1=' ' ind2=' ' tag='090'><subfield code='a'>F279.C457S7</subfield></datafield><datafield ind1='1' ind2=' ' tag='100'><subfield code='a'>Starobin, Robert S.</subfield></datafield><datafield ind1='1' ind2='0' tag='245'><subfield code='a'>Denmark Vesey;</subfield><subfield code='b'>the slave conspiracy of 1822,</subfield><subfield code='c'>edited by Robert S. Starobin.</subfield></datafield><datafield ind1=' ' ind2=' ' tag='260'><subfield code='a'>Englewood Cliffs, N.J.,</subfield><subfield code='b'>Prentice-Hall</subfield><subfield code='c'>[1970]</subfield></datafield><datafield ind1=' ' ind2=' ' tag='300'><subfield code='a'>185 p.</subfield><subfield code='c'>22 cm.</subfield></datafield><datafield ind1='0' ind2=' ' tag='490'><subfield code='a'>Great lives observed</subfield></datafield><datafield ind1='0' ind2=' ' tag='490'><subfield code='a'>A Spectrum book</subfield></datafield><datafield ind1=' ' ind2=' ' tag='504'><subfield code='a'>Includes bibliographical references.</subfield></datafield><datafield ind1='1' ind2='0' tag='600'><subfield code='a'>Vesey, Denmark,</subfield><subfield code='d'>approximately 1767-1822.</subfield></datafield><datafield ind1=' ' ind2='0' tag='651'><subfield code='a'>Charleston (S.C.)</subfield><subfield code='x'>History</subfield><subfield code='y'>Slave Insurrection, 1822.</subfield></datafield><datafield ind1=' ' ind2=' ' tag='907'><subfield code='a'>.b17708102</subfield><subfield code='b'>p    </subfield><subfield code='c'>-</subfield></datafield><datafield ind1=' ' ind2=' ' tag='935'><subfield code='a'>00838330</subfield></datafield><datafield ind1=' ' ind2=' ' tag='945'><subfield code='l'>pstk </subfield><subfield code='g'>1</subfield></datafield><datafield ind1=' ' ind2=' ' tag='945'><subfield code='l'>pstk </subfield><subfield code='g'>1</subfield></datafield><datafield ind1=' ' ind2=' ' tag='950'><subfield code='l'>P</subfield><subfield code='i'>03/13/97 N</subfield></datafield><datafield ind1=' ' ind2=' ' tag='955'><subfield code='l'>P</subfield><subfield code='c'>0</subfield><subfield code='i'>03/13/97 C</subfield></datafield><datafield ind1=' ' ind2=' ' tag='979'><subfield code='a'>ocm00098667</subfield></datafield><datafield ind1=' ' ind2=' ' tag='998'><subfield code='b'>1</subfield><subfield code='c'>990101</subfield><subfield code='d'>m</subfield><subfield code='e'>a</subfield><subfield code='f'>-</subfield><subfield code='g'>0</subfield></datafield><datafield ind1=' ' ind2=' ' tag='998'><subfield code='a'>03/13/97</subfield><subfield code='t'>c</subfield><subfield code='s'>9110</subfield><subfield code='l'>PATG</subfield><subfield code='n'>PPT</subfield><subfield code='w'>DCLC71120796B</subfield><subfield code='d'>03/13/97</subfield><subfield code='c'>RM</subfield><subfield code='b'>RM</subfield></datafield><datafield ind1=' ' ind2=' ' tag='ADM'><subfield code='b'>2018-03-15 16:03:50</subfield><subfield code='e'>b17708102-01tuli_inst</subfield><subfield code='d'>ILS</subfield><subfield code='a'>2017-06-20 08:21:53</subfield><subfield code='c'>false</subfield></datafield><datafield ind1='0' ind2=' ' tag='HLD'><subfield code='b'>MAIN</subfield><subfield code='c'>stacks</subfield><subfield code='h'>F279.C457S7</subfield><subfield code='8'>22281024810003811</subfield></datafield><datafield ind1=' ' ind2=' ' tag='ITM'><subfield code='r'>22281024810003811</subfield><subfield code='b'>0</subfield><subfield code='u'>LOAN</subfield><subfield code='h'>0</subfield><subfield code='g'>stacks</subfield><subfield code='t'>BOOK</subfield><subfield code='9'>39074024857823</subfield><subfield code='e'>stacks</subfield><subfield code='8'>23281024800003811</subfield><subfield code='a'>0</subfield><subfield code='q'>2017-06-20 08:21:53</subfield><subfield code='i'>F279.C457S7</subfield><subfield code='d'>MAIN</subfield><subfield code='f'>MAIN</subfield></datafield></record>