
<record xmlns='http://www.loc.gov/MARC21/slim'><leader>01249nam a2200373   4500</leader><controlfield tag='005'>20170825175858.0</controlfield><controlfield tag='008'>910319s1962    cau           00 10beng d</controlfield><controlfield tag='001'>991002809159703811</controlfield><datafield ind1=' ' ind2=' ' tag='035'><subfield code='a'>(PPT)b18337624-01tuli_inst</subfield></datafield><datafield ind1=' ' ind2=' ' tag='035'><subfield code='a'>ocn483208463</subfield><subfield code='9'>ExL</subfield></datafield><datafield ind1=' ' ind2=' ' tag='035'><subfield code='a'>PATW91-B00232</subfield></datafield><datafield ind1=' ' ind2=' ' tag='035'><subfield code='a'>ocn474841249</subfield></datafield><datafield ind1=' ' ind2=' ' tag='035'><subfield code='a'>(OCLC)ocn474841249</subfield></datafield><datafield ind1=' ' ind2=' ' tag='040'><subfield code='a'>NN</subfield><subfield code='c'>NN</subfield><subfield code='d'>PPT-B</subfield></datafield><datafield ind1=' ' ind2=' ' tag='043'><subfield code='a'>n-us---</subfield><subfield code='a'>n-us-sc</subfield></datafield><datafield ind1=' ' ind2=' ' tag='079'><subfield code='a'>ocn474841249</subfield></datafield><datafield ind1=' ' ind2=' ' tag='090'><subfield code='a'>F279.C47H5x 1962</subfield></datafield><datafield ind1='1' ind2=' ' tag='100'><subfield code='a'>Higginson, Thomas Wentworth,</subfield><subfield code='d'>1823-1911.</subfield></datafield><datafield ind1='0' ind2='0' tag='245'><subfield code='a'>Denmark Vesey /</subfield><subfield code='b'>by Thomas Wentworth Higginson.</subfield></datafield><datafield ind1=' ' ind2=' ' tag='260'><subfield code='a'>Los Angeles :</subfield><subfield code='b'>Vanguard Society of America,</subfield><subfield code='c'>1962.</subfield></datafield><datafield ind1=' ' ind2=' ' tag='300'><subfield code='a'>36 p. ;</subfield><subfield code='c'>22 x 9 cm.</subfield></datafield><datafield ind1=' ' ind2=' ' tag='500'><subfield code='a'>Excerpt from the author&apos;s Travelers and outlaws.</subfield></datafield><datafield ind1='1' ind2='0' tag='600'><subfield code='a'>Vesey, Denmark,</subfield><subfield code='d'>approximately 1767-1822.</subfield></datafield><datafield ind1=' ' ind2='0' tag='650'><subfield code='a'>Slavery</subfield><subfield code='z'>United States</subfield><subfield code='x'>Biography.</subfield></datafield><datafield ind1=' ' ind2='0' tag='651'><subfield code='a'>Charleston (S.C.)</subfield><subfield code='x'>History</subfield><subfield code='y'>Slave Insurrection, 1822.</subfield></datafield><datafield ind1=' ' ind2=' ' tag='902'><subfield code='a'>130315</subfield></datafield><datafield ind1=' ' ind2=' ' tag='907'><subfield code='a'>.b18337624</subfield><subfield code='b'>b    </subfield><subfield code='c'>-</subfield></datafield><datafield ind1=' ' ind2=' ' tag='935'><subfield code='a'>00630190</subfield></datafield><datafield ind1=' ' ind2=' ' tag='945'><subfield code='l'>b    </subfield><subfield code='g'>1</subfield></datafield><datafield ind1=' ' ind2=' ' tag='950'><subfield code='l'>BLOC</subfield><subfield code='i'>03/19/91 C</subfield></datafield><datafield ind1=' ' ind2=' ' tag='955'><subfield code='l'>BLOC</subfield><subfield code='c'>1</subfield><subfield code='s'>Pamphlet.</subfield><subfield code='i'>03/19/91 C</subfield></datafield><datafield ind1=' ' ind2=' ' tag='979'><subfield code='a'>ocn474841249</subfield></datafield><datafield ind1=' ' ind2=' ' tag='998'><subfield code='b'>1</subfield><subfield code='c'>990101</subfield><subfield code='d'>m</subfield><subfield code='e'>a</subfield><subfield code='f'>-</subfield><subfield code='g'>0</subfield></datafield><datafield ind1=' ' ind2=' ' tag='998'><subfield code='a'>03/19/91</subfield><subfield code='t'>c</subfield><subfield code='s'>1115</subfield><subfield code='n'>PPT-B</subfield><subfield code='w'>NYPG794715319B</subfield><subfield code='d'>03/19/91</subfield><subfield code='c'>AB</subfield><subfield code='b'>MJ</subfield><subfield code='i'>910319</subfield><subfield code='l'>PATW</subfield></datafield><datafield ind1=' ' ind2=' ' tag='ADM'><subfield code='b'>2017-08-25 21:58:58</subfield><subfield code='e'>b18337624-01tuli_inst</subfield><subfield code='d'>ILS</subfield><subfield code='a'>2017-06-20 06:48:21</subfield><subfield code='c'>false</subfield></datafield><datafield ind1='0' ind2=' ' tag='HLD'><subfield code='b'>BLOCKSON</subfield><subfield code='c'>rarestacks</subfield><subfield code='h'>F279.C47H5x 1962</subfield><subfield code='8'>22254971800003811</subfield></datafield><datafield ind1=' ' ind2=' ' tag='ITM'><subfield code='r'>22254971800003811</subfield><subfield code='b'>1</subfield><subfield code='h'>0</subfield><subfield code='g'>rarestacks</subfield><subfield code='t'>BOOK</subfield><subfield code='e'>rarestacks</subfield><subfield code='8'>23254971790003811</subfield><subfield code='a'>4</subfield><subfield code='q'>2017-06-20 06:48:21</subfield><subfield code='i'>F279.C47H5x 1962</subfield><subfield code='d'>BLOCKSON</subfield><subfield code='f'>BLOCKSON</subfield></datafield></record>