
<record xmlns='http://www.loc.gov/MARC21/slim'><leader>02362cam a2200457Ia 4500</leader><controlfield tag='005'>20170825211308.0</controlfield><controlfield tag='008'>000906r20001999nyuaf    b    001 0deng d</controlfield><controlfield tag='001'>991029643219703811</controlfield><datafield ind1=' ' ind2=' ' tag='010'><subfield code='a'>98031825</subfield></datafield><datafield ind1=' ' ind2=' ' tag='020'><subfield code='a'>0679762183 (pbk.)</subfield></datafield><datafield ind1=' ' ind2=' ' tag='020'><subfield code='a'>9780679762188 (pbk.)</subfield></datafield><datafield ind1=' ' ind2=' ' tag='035'><subfield code='a'>(PPT)b52273064-01tuli_inst</subfield></datafield><datafield ind1=' ' ind2=' ' tag='035'><subfield code='a'>(OCoLC)ocn805892143</subfield><subfield code='9'>ExL</subfield></datafield><datafield ind1=' ' ind2=' ' tag='035'><subfield code='a'>(OCoLC)44945306</subfield></datafield><datafield ind1=' ' ind2=' ' tag='035'><subfield code='a'>ocm44945306</subfield></datafield><datafield ind1=' ' ind2=' ' tag='035'><subfield code='a'>(OCLC)ocm44945306</subfield></datafield><datafield ind1=' ' ind2=' ' tag='040'><subfield code='a'>SVP</subfield><subfield code='c'>SVP</subfield><subfield code='d'>OCL</subfield><subfield code='d'>WIH</subfield><subfield code='d'>BAKER</subfield><subfield code='d'>YDXCP</subfield><subfield code='d'>UX0</subfield><subfield code='d'>OCLCG</subfield><subfield code='d'>VRC</subfield><subfield code='d'>OCLCA</subfield><subfield code='d'>CTB</subfield><subfield code='d'>BDX</subfield></datafield><datafield ind1=' ' ind2=' ' tag='043'><subfield code='a'>n-us-sc</subfield></datafield><datafield ind1=' ' ind2='4' tag='050'><subfield code='a'>F279.C49</subfield><subfield code='b'>N473 2000</subfield></datafield><datafield ind1=' ' ind2=' ' tag='079'><subfield code='a'>ocm44945306</subfield></datafield><datafield ind1=' ' ind2=' ' tag='090'><subfield code='a'>F279.C49</subfield><subfield code='b'>N473 2000</subfield></datafield><datafield ind1='1' ind2=' ' tag='100'><subfield code='a'>Robertson, David,</subfield><subfield code='d'>1947 Aug. 11-</subfield></datafield><datafield ind1='1' ind2='0' tag='245'><subfield code='a'>Denmark Vesey /</subfield><subfield code='c'>David Robertson.</subfield></datafield><datafield ind1=' ' ind2=' ' tag='250'><subfield code='a'>1st Vintage Books ed.</subfield></datafield><datafield ind1=' ' ind2=' ' tag='260'><subfield code='a'>New York :</subfield><subfield code='b'>Vintage Books,</subfield><subfield code='c'>2000, c1999.</subfield></datafield><datafield ind1=' ' ind2=' ' tag='300'><subfield code='a'>x, 202 p., [8] p. of plates :</subfield><subfield code='b'>ill. ;</subfield><subfield code='c'>21 cm.</subfield></datafield><datafield ind1=' ' ind2=' ' tag='500'><subfield code='a'>Originally published: New York : Alfred A. Knopf, 1999.</subfield></datafield><datafield ind1=' ' ind2=' ' tag='500'><subfield code='a'>&quot;The buried story of America&apos;s largest slave rebellion and the man who led it&quot;--Cover.</subfield></datafield><datafield ind1=' ' ind2=' ' tag='504'><subfield code='a'>Includes bibliographical references (p. 169-192) and index.</subfield></datafield><datafield ind1='0' ind2='0' tag='505'><subfield code='g'>Introduction.</subfield><subfield code='t'>Reality of Denmark Vesey --</subfield><subfield code='g'>ch. 1.</subfield><subfield code='t'>Men from Barbados --</subfield><subfield code='g'>ch. 2.</subfield><subfield code='t'>Place called Charleston in the Christian language --</subfield><subfield code='g'>ch. 3.</subfield><subfield code='t'>African Church and Denmark Vesey as prophet --</subfield><subfield code='g'>ch. 4.</subfield><subfield code='t'>Nothing can be done without fire --</subfield><subfield code='g'>ch. 5.</subfield><subfield code='t'>Theater of terror: the magnolia curtain and the sable curtain --</subfield><subfield code='g'>ch. 6.</subfield><subfield code='t'>Trials of Vesey and his conspirators --</subfield><subfield code='g'>ch. 7.</subfield><subfield code='t'>Shock of executions: Denmark Vesey as a national figure --</subfield><subfield code='g'>ch. 8.</subfield><subfield code='t'>Darkness of slavery: Denmark Vesey as a historical figure --</subfield><subfield code='g'>ch. 9.</subfield><subfield code='t'>Remembering Denmark Vesey as a black leader --</subfield><subfield code='t'>Postscript: a personal conclusion: Spartacus&apos;s list and the search for Vesey&apos;s grave --</subfield><subfield code='g'>Appendix.</subfield><subfield code='t'>List of those who died with Denmark Vesey, 1822.</subfield></datafield><datafield ind1='1' ind2='0' tag='600'><subfield code='a'>Vesey, Denmark,</subfield><subfield code='d'>approximately 1767-1822.</subfield></datafield><datafield ind1=' ' ind2='0' tag='651'><subfield code='a'>Charleston (S.C.)</subfield><subfield code='x'>History</subfield><subfield code='y'>Slave Insurrection, 1822.</subfield></datafield><datafield ind1=' ' ind2='0' tag='650'><subfield code='a'>Slave insurrections</subfield><subfield code='z'>South Carolina</subfield><subfield code='z'>Charleston.</subfield></datafield><datafield ind1=' ' ind2='0' tag='650'><subfield code='a'>Slaves</subfield><subfield code='z'>South Carolina</subfield><subfield code='z'>Charleston</subfield><subfield code='v'>Biography.</subfield></datafield><datafield ind1=' ' ind2='0' tag='650'><subfield code='a'>African Americans</subfield><subfield code='z'>South Carolina</subfield><subfield code='z'>Charleston</subfield><subfield code='v'>Biography.</subfield></datafield><datafield ind1=' ' ind2=' ' tag='902'><subfield code='a'>130315</subfield></datafield><datafield ind1=' ' ind2=' ' tag='907'><subfield code='a'>.b52273064</subfield><subfield code='b'>b    </subfield><subfield code='c'>-</subfield></datafield><datafield ind1=' ' ind2=' ' tag='945'><subfield code='l'>b    </subfield><subfield code='g'>1</subfield></datafield><datafield ind1=' ' ind2=' ' tag='979'><subfield code='a'>ocm44945306</subfield></datafield><datafield ind1=' ' ind2=' ' tag='998'><subfield code='b'>0</subfield><subfield code='c'>120725</subfield><subfield code='d'>m</subfield><subfield code='e'>a</subfield><subfield code='f'>-</subfield><subfield code='g'>0</subfield></datafield><datafield ind1=' ' ind2=' ' tag='998'><subfield code='a'>07/25/12</subfield><subfield code='s'>OCLC</subfield><subfield code='c'>AB</subfield></datafield><datafield ind1=' ' ind2=' ' tag='ADM'><subfield code='b'>2017-08-26 01:13:09</subfield><subfield code='e'>b52273064-01tuli_inst</subfield><subfield code='d'>ILS</subfield><subfield code='a'>2017-06-20 09:54:41</subfield><subfield code='c'>false</subfield></datafield><datafield ind1='0' ind2=' ' tag='HLD'><subfield code='b'>BLOCKSON</subfield><subfield code='c'>rarestacks</subfield><subfield code='h'>F279.C49</subfield><subfield code='i'>N473 2000</subfield><subfield code='8'>22298171840003811</subfield></datafield><datafield ind1=' ' ind2=' ' tag='ITM'><subfield code='r'>22298171840003811</subfield><subfield code='b'>1</subfield><subfield code='h'>0</subfield><subfield code='g'>rarestacks</subfield><subfield code='t'>BOOK</subfield><subfield code='e'>rarestacks</subfield><subfield code='8'>23298171830003811</subfield><subfield code='a'>4</subfield><subfield code='q'>2017-06-20 09:54:41</subfield><subfield code='i'>F279.C49 N473 2000</subfield><subfield code='d'>BLOCKSON</subfield><subfield code='f'>BLOCKSON</subfield></datafield></record>