
<record xmlns='http://www.loc.gov/MARC21/slim'><leader>01417nam a2200409 a 4500</leader><controlfield tag='005'>20180315121144.0</controlfield><controlfield tag='008'>000120s1999    nyua     bi   001 0deng  </controlfield><controlfield tag='001'>991006931909703811</controlfield><datafield ind1=' ' ind2=' ' tag='010'><subfield code='a'>98031825</subfield></datafield><datafield ind1=' ' ind2=' ' tag='020'><subfield code='a'>067944288X (alk. paper)</subfield></datafield><datafield ind1=' ' ind2=' ' tag='035'><subfield code='a'>(PPT)b19566463-01tuli_inst</subfield></datafield><datafield ind1=' ' ind2=' ' tag='035'><subfield code='a'>(CStRLIN)ocn475723628</subfield><subfield code='9'>ExL</subfield></datafield><datafield ind1=' ' ind2=' ' tag='035'><subfield code='a'>PATG00-B1305</subfield></datafield><datafield ind1=' ' ind2=' ' tag='035'><subfield code='a'>ocm40142916</subfield></datafield><datafield ind1=' ' ind2=' ' tag='035'><subfield code='a'>(OCLC)ocm40142916</subfield></datafield><datafield ind1=' ' ind2=' ' tag='040'><subfield code='a'>DLC</subfield><subfield code='c'>DLC</subfield><subfield code='d'>DLC</subfield></datafield><datafield ind1=' ' ind2=' ' tag='043'><subfield code='a'>n-us-sc</subfield></datafield><datafield ind1=' ' ind2=' ' tag='079'><subfield code='a'>ocm40142916</subfield></datafield><datafield ind1=' ' ind2=' ' tag='090'><subfield code='a'>F279.C49</subfield><subfield code='b'>N473 1999</subfield></datafield><datafield ind1='1' ind2=' ' tag='100'><subfield code='a'>Robertson, David,</subfield><subfield code='d'>1947 Aug. 11-</subfield></datafield><datafield ind1='1' ind2='0' tag='245'><subfield code='a'>Denmark Vesey /</subfield><subfield code='c'>David Robertson.</subfield></datafield><datafield ind1=' ' ind2=' ' tag='250'><subfield code='a'>1st ed.</subfield></datafield><datafield ind1=' ' ind2=' ' tag='260'><subfield code='a'>New York :</subfield><subfield code='b'>Alfred A. Knopf,</subfield><subfield code='c'>1999.</subfield></datafield><datafield ind1=' ' ind2=' ' tag='300'><subfield code='a'>x, 202 p. :</subfield><subfield code='b'>ill. ;</subfield><subfield code='c'>22 cm.</subfield></datafield><datafield ind1=' ' ind2=' ' tag='504'><subfield code='a'>Includes bibliographical references (p. 169-192) and index.</subfield></datafield><datafield ind1='1' ind2='0' tag='600'><subfield code='a'>Vesey, Denmark,</subfield><subfield code='d'>approximately 1767-1822.</subfield></datafield><datafield ind1=' ' ind2='0' tag='651'><subfield code='a'>Charleston (S.C.)</subfield><subfield code='x'>History</subfield><subfield code='y'>Slave Insurrection, 1822.</subfield></datafield><datafield ind1=' ' ind2='0' tag='650'><subfield code='a'>Slave insurrections</subfield><subfield code='z'>South Carolina</subfield><subfield code='z'>Charleston.</subfield></datafield><datafield ind1=' ' ind2='0' tag='650'><subfield code='a'>Slaves</subfield><subfield code='z'>South Carolina</subfield><subfield code='z'>Charleston</subfield><subfield code='v'>Biography.</subfield></datafield><datafield ind1=' ' ind2='0' tag='650'><subfield code='a'>African Americans</subfield><subfield code='z'>South Carolina</subfield><subfield code='z'>Charleston</subfield><subfield code='v'>Biography.</subfield></datafield><datafield ind1=' ' ind2='1' tag='901'><subfield code='i'>39074014001069</subfield><subfield code='l'>pstk</subfield><subfield code='a'>F279.C49</subfield><subfield code='b'>N473 1999</subfield><subfield code='t'>0</subfield><subfield code='s'>-</subfield><subfield code='z'>090</subfield></datafield><datafield ind1=' ' ind2=' ' tag='907'><subfield code='a'>.b19566463</subfield><subfield code='b'>p    </subfield><subfield code='c'>-</subfield></datafield><datafield ind1=' ' ind2=' ' tag='945'><subfield code='l'>pstk </subfield><subfield code='g'>1</subfield></datafield><datafield ind1=' ' ind2=' ' tag='950'><subfield code='l'>P</subfield></datafield><datafield ind1=' ' ind2=' ' tag='979'><subfield code='a'>ocm40142916</subfield></datafield><datafield ind1=' ' ind2=' ' tag='998'><subfield code='b'>1</subfield><subfield code='c'>000121</subfield><subfield code='d'>m</subfield><subfield code='e'>a</subfield><subfield code='f'>-</subfield><subfield code='g'>0</subfield></datafield><datafield ind1=' ' ind2=' ' tag='998'><subfield code='a'>01/20/00</subfield><subfield code='t'>c</subfield><subfield code='s'>9110</subfield><subfield code='l'>PATG</subfield><subfield code='n'>PPT</subfield><subfield code='w'>DCLC9831825B</subfield><subfield code='d'>01/20/00</subfield><subfield code='c'>AT </subfield><subfield code='b'>AT</subfield></datafield><datafield ind1=' ' ind2=' ' tag='ADM'><subfield code='b'>2018-03-15 16:11:44</subfield><subfield code='e'>b19566463-01tuli_inst</subfield><subfield code='d'>ILS</subfield><subfield code='a'>2017-06-20 06:36:22</subfield><subfield code='c'>false</subfield></datafield><datafield ind1='0' ind2=' ' tag='HLD'><subfield code='b'>MAIN</subfield><subfield code='c'>stacks</subfield><subfield code='h'>F279.C49</subfield><subfield code='i'>N473 1999</subfield><subfield code='8'>22251031920003811</subfield></datafield><datafield ind1=' ' ind2=' ' tag='ITM'><subfield code='r'>22251031920003811</subfield><subfield code='b'>0</subfield><subfield code='u'>LOAN</subfield><subfield code='h'>0</subfield><subfield code='g'>stacks</subfield><subfield code='t'>BOOK</subfield><subfield code='9'>39074014001069</subfield><subfield code='e'>stacks</subfield><subfield code='8'>23251031910003811</subfield><subfield code='a'>0</subfield><subfield code='q'>2017-06-20 06:36:22</subfield><subfield code='i'>F279.C49 N473 1999</subfield><subfield code='d'>MAIN</subfield><subfield code='f'>MAIN</subfield></datafield></record>