
<record xmlns='http://www.loc.gov/MARC21/slim'><leader>00420camZa2200157zZZ4500</leader><controlfield tag='001'>991036898379303811</controlfield><controlfield tag='005'>20170816121607.0</controlfield><controlfield tag='008'>170327u2017uuuuuuuuu-|-o----u|----|eng-d</controlfield><datafield ind1=' ' ind2=' ' tag='020'><subfield code='a'>0-8130-5593-8</subfield></datafield><datafield ind1=' ' ind2=' ' tag='035'><subfield code='a'>(CKB)3710000001043979</subfield></datafield><datafield ind1=' ' ind2=' ' tag='035'><subfield code='a'>(EXLCZ)993710000001043979</subfield></datafield><datafield ind1='1' ind2='4' tag='245'><subfield code='a'>The Denmark Vesey Affair</subfield></datafield><datafield ind1=' ' ind2=' ' tag='246'><subfield code='a'>Southern Dissent Ser. </subfield></datafield><datafield ind1=' ' ind2=' ' tag='246'><subfield code='a'>Denmark Vesey Affair </subfield></datafield><datafield ind1=' ' ind2=' ' tag='260'><subfield code='b'>University Press of Florida</subfield></datafield><datafield ind1=' ' ind2=' ' tag='776'><subfield code='z'>0-8130-6282-9</subfield></datafield><datafield ind1=' ' ind2=' ' tag='906'><subfield code='a'>BOOK</subfield></datafield><datafield ind1=' ' ind2=' ' tag='PRT'><subfield code='a'>53420225250003811</subfield><subfield code='b'>https://sandbox01-na.alma.exlibrisgroup.com/view/uresolver/01TULI_INST/openurl?u.ignore_date_coverage=true&amp;rft.mms_id=991036898379303811</subfield><subfield code='e'>Ebook Central</subfield><subfield code='c'>Ebook Central Academic Complete</subfield><subfield code='h'>614200000000000002</subfield><subfield code='8'>53420225250003811</subfield></datafield><datafield ind1=' ' ind2=' ' tag='PRT'><subfield code='a'>53422932730003811</subfield><subfield code='b'>https://sandbox01-na.alma.exlibrisgroup.com/view/uresolver/01TULI_INST/openurl?u.ignore_date_coverage=true&amp;rft.mms_id=991036898379303811</subfield><subfield code='e'>EBSCOhost</subfield><subfield code='c'>EBSCOhost Academic eBook Collection (North America)</subfield><subfield code='h'>613640000000000029</subfield><subfield code='8'>53422932730003811</subfield></datafield></record>