
<record xmlns='http://www.loc.gov/MARC21/slim'><leader>01117nam a2200349 i 4500</leader><controlfield tag='005'>20170825212422.0</controlfield><controlfield tag='008'>891006s1952    nyu           00010 eng d</controlfield><controlfield tag='001'>991002699919703811</controlfield><datafield ind1=' ' ind2=' ' tag='035'><subfield code='a'>(PPT)b18315501-01tuli_inst</subfield></datafield><datafield ind1=' ' ind2=' ' tag='035'><subfield code='a'>ocn483061181</subfield><subfield code='9'>ExL</subfield></datafield><datafield ind1=' ' ind2=' ' tag='035'><subfield code='a'>PATW89-B08265</subfield></datafield><datafield ind1=' ' ind2=' ' tag='035'><subfield code='a'>ocm00846669</subfield></datafield><datafield ind1=' ' ind2=' ' tag='035'><subfield code='a'>(OCLC)ocm00846669</subfield></datafield><datafield ind1=' ' ind2=' ' tag='040'><subfield code='a'>CtY-BR</subfield><subfield code='c'>CtY-BR</subfield><subfield code='d'>MiU</subfield><subfield code='d'>PPT-B</subfield></datafield><datafield ind1=' ' ind2=' ' tag='079'><subfield code='a'>ocm00846669</subfield></datafield><datafield ind1=' ' ind2=' ' tag='090'><subfield code='a'>PS3521.R29D4x 1952</subfield></datafield><datafield ind1='1' ind2='0' tag='100'><subfield code='a'>Kramer, Aaron,</subfield><subfield code='d'>1921-</subfield></datafield><datafield ind1='1' ind2='0' tag='245'><subfield code='a'>Denmark Vesey and other poems :</subfield><subfield code='b'>including translations from the Yiddish /</subfield><subfield code='c'>by Aaron Kramer.</subfield></datafield><datafield ind1=' ' ind2=' ' tag='250'><subfield code='a'>1st ed,</subfield></datafield><datafield ind1=' ' ind2=' ' tag='260'><subfield code='a'>New York :</subfield><subfield code='b'>[s.n.],</subfield><subfield code='c'>1952.</subfield></datafield><datafield ind1=' ' ind2=' ' tag='300'><subfield code='a'>48 p. ;</subfield><subfield code='c'>20 cm.</subfield></datafield><datafield ind1='1' ind2='0' tag='600'><subfield code='a'>Vesey, Denmark,</subfield><subfield code='d'>approximately 1767-1822</subfield><subfield code='v'>Poetry.</subfield></datafield><datafield ind1=' ' ind2='0' tag='650'><subfield code='a'>American poetry</subfield><subfield code='x'>Translations from Yiddish.</subfield></datafield><datafield ind1=' ' ind2=' ' tag='902'><subfield code='a'>130315</subfield></datafield><datafield ind1=' ' ind2=' ' tag='907'><subfield code='a'>.b18315501</subfield><subfield code='b'>b    </subfield><subfield code='c'>-</subfield></datafield><datafield ind1=' ' ind2=' ' tag='935'><subfield code='a'>00610299</subfield></datafield><datafield ind1=' ' ind2=' ' tag='945'><subfield code='l'>b    </subfield><subfield code='g'>1</subfield></datafield><datafield ind1=' ' ind2=' ' tag='950'><subfield code='l'>BLOC</subfield><subfield code='i'>10/06/89 C</subfield></datafield><datafield ind1=' ' ind2=' ' tag='955'><subfield code='l'>BLOC</subfield><subfield code='c'>1</subfield><subfield code='i'>10/06/89 C</subfield></datafield><datafield ind1=' ' ind2=' ' tag='979'><subfield code='a'>ocm00846669</subfield></datafield><datafield ind1=' ' ind2=' ' tag='998'><subfield code='b'>1</subfield><subfield code='c'>990101</subfield><subfield code='d'>m</subfield><subfield code='e'>a</subfield><subfield code='f'>-</subfield><subfield code='g'>0</subfield></datafield><datafield ind1=' ' ind2=' ' tag='998'><subfield code='a'>10/06/89</subfield><subfield code='t'>c</subfield><subfield code='s'>9114</subfield><subfield code='n'>PPT-B</subfield><subfield code='w'>CTYX83B2263</subfield><subfield code='d'>10/06/89</subfield><subfield code='c'>JU</subfield><subfield code='b'>RF</subfield><subfield code='i'>891006</subfield><subfield code='l'>PATW</subfield></datafield><datafield ind1=' ' ind2=' ' tag='ADM'><subfield code='b'>2017-08-26 01:24:22</subfield><subfield code='e'>b18315501-01tuli_inst</subfield><subfield code='d'>ILS</subfield><subfield code='a'>2017-06-20 12:17:24</subfield><subfield code='c'>false</subfield></datafield><datafield ind1='0' ind2=' ' tag='HLD'><subfield code='b'>BLOCKSON</subfield><subfield code='c'>rarestacks</subfield><subfield code='h'>PS3521.R29D4x 1952</subfield><subfield code='8'>22317104910003811</subfield></datafield><datafield ind1=' ' ind2=' ' tag='ITM'><subfield code='r'>22317104910003811</subfield><subfield code='b'>1</subfield><subfield code='h'>0</subfield><subfield code='g'>rarestacks</subfield><subfield code='t'>BOOK</subfield><subfield code='e'>rarestacks</subfield><subfield code='8'>23317104900003811</subfield><subfield code='a'>4</subfield><subfield code='q'>2017-06-20 12:17:24</subfield><subfield code='i'>PS3521.R29D4x 1952</subfield><subfield code='d'>BLOCKSON</subfield><subfield code='f'>BLOCKSON</subfield></datafield></record>