
<record xmlns='http://www.loc.gov/MARC21/slim'><leader>02735pam a2200625 i 4500</leader><controlfield tag='005'>20180315124822.0</controlfield><controlfield tag='008'>160709t20172017fluab    b    001 0deng c</controlfield><controlfield tag='001'>991029916219703811</controlfield><datafield ind1=' ' ind2=' ' tag='010'><subfield code='a'>2016030101</subfield></datafield><datafield ind1=' ' ind2=' ' tag='020'><subfield code='a'>9780813062822</subfield><subfield code='q'>(cloth)</subfield></datafield><datafield ind1=' ' ind2=' ' tag='020'><subfield code='a'>0813062829</subfield><subfield code='q'>(cloth)</subfield></datafield><datafield ind1=' ' ind2=' ' tag='035'><subfield code='a'>(PPT)b64092148-01tuli_inst</subfield></datafield><datafield ind1=' ' ind2=' ' tag='035'><subfield code='a'>(OCoLC)(OCoLC)953738544</subfield><subfield code='9'>ExL</subfield></datafield><datafield ind1=' ' ind2=' ' tag='035'><subfield code='a'>(OCoLC)953738544</subfield></datafield><datafield ind1=' ' ind2=' ' tag='035'><subfield code='a'>ocn953738544</subfield></datafield><datafield ind1=' ' ind2=' ' tag='035'><subfield code='a'>(OCLC)ocn953738544</subfield></datafield><datafield ind1=' ' ind2=' ' tag='040'><subfield code='a'>FUG/DLC</subfield><subfield code='b'>eng</subfield><subfield code='e'>rda</subfield><subfield code='c'>FUG</subfield><subfield code='d'>DLC</subfield><subfield code='d'>OCLCO</subfield><subfield code='d'>OCLCF</subfield><subfield code='d'>BDX</subfield><subfield code='d'>YDX</subfield><subfield code='d'>BTCTA</subfield></datafield><datafield ind1=' ' ind2=' ' tag='042'><subfield code='a'>pcc</subfield></datafield><datafield ind1=' ' ind2=' ' tag='043'><subfield code='a'>n-us-sc</subfield></datafield><datafield ind1=' ' ind2=' ' tag='079'><subfield code='a'>ocn953738544</subfield></datafield><datafield ind1=' ' ind2=' ' tag='090'><subfield code='a'>F279.C49</subfield><subfield code='b'>N417 2017</subfield></datafield><datafield ind1='0' ind2='4' tag='245'><subfield code='a'>The Denmark Vesey Affair :</subfield><subfield code='b'>a documentary history /</subfield><subfield code='c'>edited by Douglas R. Egerton and Robert L. Paquette ; foreword by Stanley Harrold and Randall M. Miller.</subfield></datafield><datafield ind1=' ' ind2='1' tag='264'><subfield code='a'>Gainesville :</subfield><subfield code='b'>University Press of Florida,</subfield><subfield code='c'>[2017]</subfield></datafield><datafield ind1=' ' ind2='4' tag='264'><subfield code='c'>©2017</subfield></datafield><datafield ind1=' ' ind2=' ' tag='300'><subfield code='a'>xlii, 812 pages :</subfield><subfield code='b'>illustrations, maps ;</subfield><subfield code='c'>27 cm.</subfield></datafield><datafield ind1=' ' ind2=' ' tag='336'><subfield code='a'>text</subfield><subfield code='2'>rdacontent</subfield></datafield><datafield ind1=' ' ind2=' ' tag='337'><subfield code='a'>unmediated</subfield><subfield code='2'>rdamedia</subfield></datafield><datafield ind1=' ' ind2=' ' tag='338'><subfield code='a'>volume</subfield><subfield code='2'>rdacarrier</subfield></datafield><datafield ind1='1' ind2=' ' tag='490'><subfield code='a'>Southern dissent</subfield></datafield><datafield ind1=' ' ind2=' ' tag='504'><subfield code='a'>Includes bibliographical references and index.</subfield></datafield><datafield ind1='0' ind2=' ' tag='505'><subfield code='a'>Preconditions -- Proceedings -- Trials: the Official report and the Senate transcript -- Official report -- Senate transcript -- Eyewitnesses -- Aftermath -- Recollections and memorializations.</subfield></datafield><datafield ind1=' ' ind2=' ' tag='520'><subfield code='a'>Egerton and Paquette have edited and annotated a wealth of archival material to create the authoritative one-volume documentary history of the Denmark Vesey insurrection of 1822.</subfield></datafield><datafield ind1='1' ind2='0' tag='600'><subfield code='a'>Vesey, Denmark,</subfield><subfield code='d'>approximately 1767-1822.</subfield></datafield><datafield ind1='1' ind2='7' tag='600'><subfield code='a'>Vesey, Denmark,</subfield><subfield code='d'>approximately 1767-1822.</subfield><subfield code='2'>fast</subfield><subfield code='0'>(OCoLC)fst01855871</subfield></datafield><datafield ind1='2' ind2='7' tag='611'><subfield code='a'>Slave Insurrection (Charleston, South Carolina : 1822)</subfield><subfield code='2'>fast</subfield><subfield code='0'>(OCoLC)fst01410716</subfield></datafield><datafield ind1=' ' ind2='7' tag='648'><subfield code='a'>1822</subfield><subfield code='2'>fast</subfield></datafield><datafield ind1=' ' ind2='0' tag='650'><subfield code='a'>Slaves</subfield><subfield code='z'>South Carolina</subfield><subfield code='z'>Charleston</subfield><subfield code='v'>Biography.</subfield></datafield><datafield ind1=' ' ind2='0' tag='650'><subfield code='a'>Slave insurrections</subfield><subfield code='z'>South Carolina</subfield><subfield code='z'>Charleston.</subfield></datafield><datafield ind1=' ' ind2='7' tag='650'><subfield code='a'>Slave insurrections.</subfield><subfield code='2'>fast</subfield><subfield code='0'>(OCoLC)fst01120389</subfield></datafield><datafield ind1=' ' ind2='7' tag='650'><subfield code='a'>Slaves.</subfield><subfield code='2'>fast</subfield><subfield code='0'>(OCoLC)fst01120522</subfield></datafield><datafield ind1=' ' ind2='0' tag='651'><subfield code='a'>Charleston (S.C.)</subfield><subfield code='x'>History</subfield><subfield code='y'>Slave Insurrection, 1822.</subfield></datafield><datafield ind1=' ' ind2='7' tag='651'><subfield code='a'>South Carolina</subfield><subfield code='z'>Charleston.</subfield><subfield code='2'>fast</subfield><subfield code='0'>(OCoLC)fst01204603</subfield></datafield><datafield ind1=' ' ind2='7' tag='655'><subfield code='a'>Biography.</subfield><subfield code='2'>fast</subfield><subfield code='0'>(OCoLC)fst01423686</subfield></datafield><datafield ind1=' ' ind2='7' tag='655'><subfield code='a'>History.</subfield><subfield code='2'>fast</subfield><subfield code='0'>(OCoLC)fst01411628</subfield></datafield><datafield ind1='1' ind2=' ' tag='700'><subfield code='a'>Egerton, Douglas R.,</subfield><subfield code='e'>editor.</subfield></datafield><datafield ind1='1' ind2=' ' tag='700'><subfield code='a'>Paquette, Robert L.,</subfield><subfield code='d'>1951-</subfield><subfield code='e'>editor.</subfield></datafield><datafield ind1='1' ind2=' ' tag='700'><subfield code='a'>Harrold, Stanley,</subfield><subfield code='e'>author of foreword.</subfield></datafield><datafield ind1='1' ind2=' ' tag='700'><subfield code='a'>Miller, Randall M.,</subfield><subfield code='e'>author of foreword.</subfield></datafield><datafield ind1=' ' ind2='0' tag='830'><subfield code='a'>Southern dissent.</subfield></datafield><datafield ind1=' ' ind2=' ' tag='907'><subfield code='a'>.b64092148</subfield><subfield code='b'>multi</subfield><subfield code='c'>-</subfield></datafield><datafield ind1=' ' ind2=' ' tag='945'><subfield code='l'>b    </subfield><subfield code='g'>1</subfield></datafield><datafield ind1=' ' ind2=' ' tag='945'><subfield code='l'>pstk </subfield><subfield code='g'>1</subfield></datafield><datafield ind1=' ' ind2=' ' tag='979'><subfield code='a'>ocn953738544</subfield></datafield><datafield ind1=' ' ind2=' ' tag='998'><subfield code='b'>4</subfield><subfield code='c'>170301</subfield><subfield code='d'>m</subfield><subfield code='e'>a</subfield><subfield code='f'>-</subfield><subfield code='g'>4</subfield></datafield><datafield ind1=' ' ind2=' ' tag='998'><subfield code='b'>1</subfield><subfield code='c'>170301</subfield><subfield code='d'>m</subfield><subfield code='e'>a</subfield><subfield code='f'>-</subfield><subfield code='g'>4</subfield></datafield><datafield ind1=' ' ind2=' ' tag='ADM'><subfield code='b'>2018-03-15 16:48:22</subfield><subfield code='e'>b64092148-01tuli_inst</subfield><subfield code='d'>ILS</subfield><subfield code='a'>2017-06-20 07:00:26</subfield><subfield code='c'>false</subfield></datafield><datafield ind1='0' ind2=' ' tag='HLD'><subfield code='b'>BLOCKSON</subfield><subfield code='c'>rarestacks</subfield><subfield code='h'>F279.C49</subfield><subfield code='i'>N417 2017</subfield><subfield code='8'>22258944860003811</subfield></datafield><datafield ind1='0' ind2=' ' tag='HLD'><subfield code='b'>MAIN</subfield><subfield code='c'>stacks</subfield><subfield code='h'>F279.C49</subfield><subfield code='i'>N417 2017</subfield><subfield code='8'>22258944820003811</subfield></datafield><datafield ind1=' ' ind2=' ' tag='ITM'><subfield code='r'>22258944820003811</subfield><subfield code='b'>1</subfield><subfield code='h'>0</subfield><subfield code='g'>stacks</subfield><subfield code='t'>BOOK</subfield><subfield code='9'>39074030196208</subfield><subfield code='e'>stacks</subfield><subfield code='8'>23258944800003811</subfield><subfield code='a'>0</subfield><subfield code='q'>2017-06-20 07:00:26</subfield><subfield code='i'>F279.C49 N417 2017</subfield><subfield code='d'>MAIN</subfield><subfield code='f'>MAIN</subfield></datafield><datafield ind1=' ' ind2=' ' tag='ITM'><subfield code='r'>22258944860003811</subfield><subfield code='b'>1</subfield><subfield code='h'>0</subfield><subfield code='g'>rarestacks</subfield><subfield code='t'>BOOK</subfield><subfield code='e'>rarestacks</subfield><subfield code='8'>23258944850003811</subfield><subfield code='a'>4</subfield><subfield code='q'>2017-06-20 07:00:26</subfield><subfield code='i'>F279.C49 N417 2017</subfield><subfield code='d'>BLOCKSON</subfield><subfield code='f'>BLOCKSON</subfield></datafield></record>