
<record xmlns='http://www.loc.gov/MARC21/slim'><leader>01834nam a22004930  4500</leader><controlfield tag='005'>20180322144837.0</controlfield><controlfield tag='008'>700415r19701822mau           00110 eng  </controlfield><controlfield tag='001'>991000041149703811</controlfield><datafield ind1=' ' ind2=' ' tag='010'><subfield code='a'>70101322//r72</subfield></datafield><datafield ind1=' ' ind2=' ' tag='020'><subfield code='a'>0807054542</subfield></datafield><datafield ind1=' ' ind2=' ' tag='020'><subfield code='a'>0807054550  (pbk.)</subfield></datafield><datafield ind1=' ' ind2=' ' tag='035'><subfield code='a'>(PPT)b10027130-01tuli_inst</subfield></datafield><datafield ind1=' ' ind2=' ' tag='035'><subfield code='a'>ocn466962031</subfield><subfield code='9'>ExL</subfield></datafield><datafield ind1=' ' ind2=' ' tag='035'><subfield code='a'>PATW89-B09469</subfield></datafield><datafield ind1=' ' ind2=' ' tag='035'><subfield code='a'>PATG00066103B</subfield></datafield><datafield ind1=' ' ind2=' ' tag='035'><subfield code='a'>ocm00066103</subfield></datafield><datafield ind1=' ' ind2=' ' tag='035'><subfield code='a'>(OCLC)ocm00066103</subfield></datafield><datafield ind1=' ' ind2=' ' tag='079'><subfield code='a'>ocm00066103</subfield></datafield><datafield ind1=' ' ind2=' ' tag='090'><subfield code='a'>KF223.V4</subfield><subfield code='b'>.K4 1970</subfield></datafield><datafield ind1='1' ind2=' ' tag='100'><subfield code='a'>Vesey, Denmark,</subfield><subfield code='d'>ca. 1767-1822.</subfield></datafield><datafield ind1='0' ind2='0' tag='240'><subfield code='a'>Official report of the trials of sundry Negroes, charged with an attempt to raise an insurrection in the state of South-Carolina                   </subfield></datafield><datafield ind1='1' ind2='4' tag='245'><subfield code='a'>The trial record of Denmark Vesey /</subfield><subfield code='c'>introd. by John Oliver Killens.</subfield></datafield><datafield ind1=' ' ind2=' ' tag='260'><subfield code='a'>Boston :</subfield><subfield code='b'>Beacon Press,</subfield><subfield code='c'>c1970.</subfield></datafield><datafield ind1=' ' ind2=' ' tag='300'><subfield code='a'>xxi, 175 p. ;</subfield><subfield code='c'>22 cm.</subfield></datafield><datafield ind1=' ' ind2=' ' tag='500'><subfield code='a'>Reprint, with added introd., of the 1822 ed. prepared by Lionel H. Kennedy and Thomas Parker and published under title: An official report of the trials of sundry Negroes.</subfield></datafield><datafield ind1=' ' ind2=' ' tag='500'><subfield code='a'>Includes index.</subfield></datafield><datafield ind1='1' ind2='0' tag='600'><subfield code='a'>Vesey, Denmark,</subfield><subfield code='d'>approximately 1767-1822</subfield><subfield code='v'>Trials, litigation, etc.</subfield></datafield><datafield ind1=' ' ind2='0' tag='651'><subfield code='a'>Charleston (S.C.)</subfield><subfield code='x'>History</subfield><subfield code='y'>Slave Insurrection, 1822.</subfield></datafield><datafield ind1='1' ind2=' ' tag='700'><subfield code='a'>Kennedy, Lionel Henry,</subfield><subfield code='d'>1787?-1847.</subfield></datafield><datafield ind1='1' ind2=' ' tag='700'><subfield code='a'>Parker, Thomas,</subfield><subfield code='c'>member of the Charleston Bar.</subfield></datafield><datafield ind1=' ' ind2=' ' tag='907'><subfield code='a'>.b10027130</subfield><subfield code='b'>multi</subfield><subfield code='c'>-</subfield></datafield><datafield ind1=' ' ind2=' ' tag='935'><subfield code='a'>00611481</subfield></datafield><datafield ind1=' ' ind2=' ' tag='935'><subfield code='a'>00002913</subfield></datafield><datafield ind1=' ' ind2=' ' tag='945'><subfield code='l'>astk </subfield><subfield code='g'>1</subfield></datafield><datafield ind1=' ' ind2=' ' tag='945'><subfield code='l'>b    </subfield><subfield code='g'>1</subfield></datafield><datafield ind1=' ' ind2=' ' tag='945'><subfield code='l'>pstk </subfield><subfield code='g'>1</subfield></datafield><datafield ind1=' ' ind2=' ' tag='945'><subfield code='l'>pstk </subfield><subfield code='g'>1</subfield></datafield><datafield ind1=' ' ind2=' ' tag='950'><subfield code='l'>P</subfield><subfield code='i'>05/04/87 C</subfield></datafield><datafield ind1=' ' ind2=' ' tag='950'><subfield code='l'>AMB</subfield><subfield code='h'>01/01/01 N</subfield></datafield><datafield ind1=' ' ind2=' ' tag='955'><subfield code='l'>P</subfield><subfield code='c'>0</subfield><subfield code='i'>05/04/87 C</subfield></datafield><datafield ind1=' ' ind2=' ' tag='955'><subfield code='l'>AMB</subfield><subfield code='c'>0</subfield><subfield code='i'>05/04/87 C</subfield></datafield><datafield ind1=' ' ind2=' ' tag='979'><subfield code='a'>ocm00066103</subfield></datafield><datafield ind1=' ' ind2=' ' tag='998'><subfield code='b'>1</subfield><subfield code='c'>990101</subfield><subfield code='d'>m</subfield><subfield code='e'>a</subfield><subfield code='f'>-</subfield><subfield code='g'>4</subfield></datafield><datafield ind1=' ' ind2=' ' tag='998'><subfield code='a'>05/04/87</subfield><subfield code='t'>c</subfield><subfield code='s'>9115</subfield><subfield code='n'>PPT</subfield><subfield code='w'>UTUL13524810B</subfield><subfield code='d'>06/06/83</subfield><subfield code='c'>LZ</subfield><subfield code='b'>BLO</subfield><subfield code='i'>870504</subfield><subfield code='l'>PATG</subfield></datafield><datafield ind1=' ' ind2=' ' tag='ADM'><subfield code='b'>2018-03-22 18:48:37</subfield><subfield code='e'>b10027130-01tuli_inst</subfield><subfield code='d'>ILS</subfield><subfield code='a'>2017-06-20 10:26:46</subfield><subfield code='c'>false</subfield></datafield><datafield ind1='0' ind2=' ' tag='HLD'><subfield code='b'>BLOCKSON</subfield><subfield code='c'>rarestacks</subfield><subfield code='h'>KF223.V4</subfield><subfield code='i'>.K4 1970</subfield><subfield code='8'>22303005830003811</subfield></datafield><datafield ind1='0' ind2=' ' tag='HLD'><subfield code='b'>AMBLER</subfield><subfield code='c'>stacks</subfield><subfield code='h'>KF223.V4</subfield><subfield code='i'>.K4 1970</subfield><subfield code='8'>22303005850003811</subfield></datafield><datafield ind1='0' ind2=' ' tag='HLD'><subfield code='b'>MAIN</subfield><subfield code='c'>stacks</subfield><subfield code='h'>KF223.V4</subfield><subfield code='i'>.K4 1970</subfield><subfield code='8'>22303005880003811</subfield></datafield><datafield ind1=' ' ind2=' ' tag='ITM'><subfield code='r'>22303005830003811</subfield><subfield code='b'>1</subfield><subfield code='h'>0</subfield><subfield code='g'>rarestacks</subfield><subfield code='t'>BOOK</subfield><subfield code='e'>rarestacks</subfield><subfield code='8'>23303005820003811</subfield><subfield code='a'>4</subfield><subfield code='q'>2017-06-20 10:26:46</subfield><subfield code='i'>KF223.V4 .K4 1970</subfield><subfield code='d'>BLOCKSON</subfield><subfield code='f'>BLOCKSON</subfield></datafield><datafield ind1=' ' ind2=' ' tag='ITM'><subfield code='r'>22303005850003811</subfield><subfield code='b'>1</subfield><subfield code='h'>0</subfield><subfield code='g'>stacks</subfield><subfield code='t'>BOOK</subfield><subfield code='9'>39074001695584</subfield><subfield code='e'>stacks</subfield><subfield code='8'>23303005840003811</subfield><subfield code='a'>0</subfield><subfield code='q'>2017-06-20 10:26:46</subfield><subfield code='i'>KF223.V4 .K4 1970</subfield><subfield code='d'>AMBLER</subfield><subfield code='f'>AMBLER</subfield></datafield><datafield ind1=' ' ind2=' ' tag='ITM'><subfield code='r'>22303005880003811</subfield><subfield code='b'>1</subfield><subfield code='h'>0</subfield><subfield code='g'>stacks</subfield><subfield code='t'>BOOK</subfield><subfield code='9'>39074002243764</subfield><subfield code='e'>stacks</subfield><subfield code='8'>23303005870003811</subfield><subfield code='a'>0</subfield><subfield code='q'>2017-06-20 10:26:46</subfield><subfield code='i'>KF223.V4 .K4 1970</subfield><subfield code='d'>MAIN</subfield><subfield code='f'>MAIN</subfield></datafield><datafield ind1=' ' ind2=' ' tag='ITM'><subfield code='r'>22303005880003811</subfield><subfield code='b'>1</subfield><subfield code='h'>0</subfield><subfield code='g'>stacks</subfield><subfield code='t'>BOOK</subfield><subfield code='9'>39074011408176</subfield><subfield code='e'>stacks</subfield><subfield code='8'>23303005860003811</subfield><subfield code='a'>0</subfield><subfield code='q'>2017-06-20 10:26:46</subfield><subfield code='i'>KF223.V4 .K4 1970</subfield><subfield code='d'>MAIN</subfield><subfield code='f'>MAIN</subfield></datafield></record>