
<record xmlns='http://www.loc.gov/MARC21/slim'><leader>01836nam a2200469 a 4500</leader><controlfield tag='005'>20180315122645.0</controlfield><controlfield tag='008'>010705s2000    nyu      b    001 0beng  </controlfield><controlfield tag='001'>991024765709703811</controlfield><datafield ind1=' ' ind2=' ' tag='010'><subfield code='a'>00055098</subfield></datafield><datafield ind1=' ' ind2=' ' tag='020'><subfield code='a'>0773476628</subfield></datafield><datafield ind1=' ' ind2=' ' tag='035'><subfield code='a'>(PPT)b24132056-01tuli_inst</subfield></datafield><datafield ind1=' ' ind2=' ' tag='035'><subfield code='a'>(CStRLIN)ocn486980055</subfield><subfield code='9'>ExL</subfield></datafield><datafield ind1=' ' ind2=' ' tag='035'><subfield code='a'>PATG01-B7597</subfield></datafield><datafield ind1=' ' ind2=' ' tag='035'><subfield code='a'>ocm44426997</subfield></datafield><datafield ind1=' ' ind2=' ' tag='035'><subfield code='a'>(OCLC)ocm44426997</subfield></datafield><datafield ind1=' ' ind2=' ' tag='040'><subfield code='a'>DLC</subfield><subfield code='c'>DLC</subfield><subfield code='d'>CStRLIN</subfield></datafield><datafield ind1=' ' ind2=' ' tag='043'><subfield code='a'>n-us-sc</subfield></datafield><datafield ind1=' ' ind2=' ' tag='079'><subfield code='a'>ocm44426997</subfield></datafield><datafield ind1=' ' ind2=' ' tag='090'><subfield code='a'>F279.C453</subfield><subfield code='b'>P753 2000</subfield></datafield><datafield ind1='0' ind2='2' tag='245'><subfield code='a'>A documented history of Gullah Jack Pritchard and the Denmark Vesey slave insurrection of 1822 /</subfield><subfield code='c'>[compiled by] Lois A. Walker and Susan R. Silverman.</subfield></datafield><datafield ind1=' ' ind2=' ' tag='260'><subfield code='a'>Lewiston :</subfield><subfield code='b'>E. Mellen Press,</subfield><subfield code='c'>c2000.</subfield></datafield><datafield ind1=' ' ind2=' ' tag='300'><subfield code='a'>ix, 476 p. ;</subfield><subfield code='c'>24 cm.</subfield></datafield><datafield ind1='1' ind2=' ' tag='490'><subfield code='a'>Studies in American history ;</subfield><subfield code='v'>v. 29.</subfield></datafield><datafield ind1=' ' ind2=' ' tag='504'><subfield code='a'>Includes bibliographical references (p. 458-476) and index.</subfield></datafield><datafield ind1='1' ind2='0' tag='600'><subfield code='a'>Pritchard, Gullah Jack,</subfield><subfield code='d'>d. 1822.</subfield></datafield><datafield ind1=' ' ind2='0' tag='650'><subfield code='a'>African Americans</subfield><subfield code='z'>South Carolina</subfield><subfield code='z'>Charleston</subfield><subfield code='v'>Biography.</subfield></datafield><datafield ind1=' ' ind2='0' tag='650'><subfield code='a'>Magicians</subfield><subfield code='z'>South Carolina</subfield><subfield code='z'>Charleston</subfield><subfield code='v'>Biography.</subfield></datafield><datafield ind1='1' ind2='0' tag='600'><subfield code='a'>Vesey, Denmark,</subfield><subfield code='d'>approximately 1767-1822.</subfield></datafield><datafield ind1=' ' ind2='0' tag='651'><subfield code='a'>Charleston (S.C.)</subfield><subfield code='x'>History</subfield><subfield code='y'>Slave Insurrection, 1822.</subfield></datafield><datafield ind1=' ' ind2='0' tag='651'><subfield code='a'>Charleston (S.C.)</subfield><subfield code='x'>History</subfield><subfield code='y'>Slave Insurrection, 1822</subfield><subfield code='v'>Sources.</subfield></datafield><datafield ind1=' ' ind2='0' tag='650'><subfield code='a'>Slavery</subfield><subfield code='z'>South Carolina</subfield><subfield code='z'>Charleston</subfield><subfield code='x'>History.</subfield></datafield><datafield ind1=' ' ind2='0' tag='650'><subfield code='a'>Slavery</subfield><subfield code='z'>South Carolina</subfield><subfield code='z'>Charleston</subfield><subfield code='x'>History</subfield><subfield code='v'>Sources.</subfield></datafield><datafield ind1='1' ind2=' ' tag='700'><subfield code='a'>Walker, Lois A.</subfield></datafield><datafield ind1='1' ind2=' ' tag='700'><subfield code='a'>Silverman, Susan R.</subfield></datafield><datafield ind1=' ' ind2='0' tag='830'><subfield code='a'>Studies in American history (Lewiston, N.Y.) ;</subfield><subfield code='v'>v. 29.</subfield></datafield><datafield ind1=' ' ind2='1' tag='901'><subfield code='i'>39074014661888</subfield><subfield code='l'>pstk</subfield><subfield code='a'>F279.C453</subfield><subfield code='b'>P753 2000</subfield><subfield code='s'>-</subfield><subfield code='t'>0</subfield><subfield code='z'>090</subfield></datafield><datafield ind1=' ' ind2=' ' tag='907'><subfield code='a'>.b24132056</subfield><subfield code='b'>p    </subfield><subfield code='c'>-</subfield></datafield><datafield ind1=' ' ind2=' ' tag='945'><subfield code='l'>pstk </subfield><subfield code='g'>1</subfield></datafield><datafield ind1=' ' ind2=' ' tag='950'><subfield code='l'>P</subfield></datafield><datafield ind1=' ' ind2=' ' tag='979'><subfield code='a'>ocm44426997</subfield></datafield><datafield ind1=' ' ind2=' ' tag='998'><subfield code='b'>1</subfield><subfield code='c'>010706</subfield><subfield code='d'>m</subfield><subfield code='e'>a</subfield><subfield code='f'>-</subfield><subfield code='g'>2</subfield></datafield><datafield ind1=' ' ind2=' ' tag='998'><subfield code='a'>07/05/01</subfield><subfield code='t'>c</subfield><subfield code='s'>9110</subfield><subfield code='l'>PATG</subfield><subfield code='n'>PPT</subfield><subfield code='w'>DCLC0055098B</subfield><subfield code='d'>07/05/01</subfield><subfield code='b'>JH</subfield></datafield><datafield ind1=' ' ind2=' ' tag='ADM'><subfield code='b'>2018-03-15 16:26:45</subfield><subfield code='e'>b24132056-01tuli_inst</subfield><subfield code='d'>ILS</subfield><subfield code='a'>2017-06-20 13:05:42</subfield><subfield code='c'>false</subfield></datafield><datafield ind1='0' ind2=' ' tag='HLD'><subfield code='b'>MAIN</subfield><subfield code='c'>stacks</subfield><subfield code='h'>F279.C453</subfield><subfield code='i'>P753 2000</subfield><subfield code='8'>22322607110003811</subfield></datafield><datafield ind1=' ' ind2=' ' tag='ITM'><subfield code='r'>22322607110003811</subfield><subfield code='b'>0</subfield><subfield code='u'>LOAN</subfield><subfield code='h'>0</subfield><subfield code='g'>stacks</subfield><subfield code='t'>BOOK</subfield><subfield code='9'>39074014661888</subfield><subfield code='e'>stacks</subfield><subfield code='8'>23322607100003811</subfield><subfield code='a'>0</subfield><subfield code='q'>2017-06-20 13:05:42</subfield><subfield code='i'>F279.C453 P753 2000</subfield><subfield code='d'>MAIN</subfield><subfield code='f'>MAIN</subfield></datafield></record>