
<record xmlns='http://www.loc.gov/MARC21/slim'><leader>01408cam a22004450  4500</leader><controlfield tag='005'>20180315180138.0</controlfield><controlfield tag='008'>830926r19801972nyu           00101 eng c</controlfield><controlfield tag='001'>991012312419703811</controlfield><datafield ind1=' ' ind2=' ' tag='020'><subfield code='a'>0917886062</subfield></datafield><datafield ind1=' ' ind2=' ' tag='035'><subfield code='a'>(PPT)b12510361-01tuli_inst</subfield></datafield><datafield ind1=' ' ind2=' ' tag='035'><subfield code='a'>ocn471186763</subfield><subfield code='9'>ExL</subfield></datafield><datafield ind1=' ' ind2=' ' tag='035'><subfield code='a'>PATG83-B30308</subfield></datafield><datafield ind1=' ' ind2=' ' tag='035'><subfield code='a'>ocm08012064</subfield></datafield><datafield ind1=' ' ind2=' ' tag='035'><subfield code='a'>(OCLC)ocm08012064</subfield></datafield><datafield ind1=' ' ind2=' ' tag='040'><subfield code='a'>PPT</subfield><subfield code='c'>PPT</subfield></datafield><datafield ind1=' ' ind2=' ' tag='079'><subfield code='a'>ocm08012064</subfield></datafield><datafield ind1=' ' ind2=' ' tag='090'><subfield code='a'>PS3561.I37G7x 1980</subfield></datafield><datafield ind1='1' ind2='0' tag='100'><subfield code='a'>Killens, John Oliver,</subfield><subfield code='d'>1916-1987.</subfield></datafield><datafield ind1='1' ind2='0' tag='245'><subfield code='a'>Great gittin&apos; up morning :/</subfield><subfield code='b'>the story of Denmark Vesey /</subfield><subfield code='c'>by John Oliver Killens ; introduction by Addison Gayle.</subfield></datafield><datafield ind1=' ' ind2=' ' tag='250'><subfield code='a'>Shamal Books ed.</subfield></datafield><datafield ind1=' ' ind2=' ' tag='260'><subfield code='a'>New York : Shamal Books,</subfield><subfield code='c'>1980, c1972.</subfield></datafield><datafield ind1=' ' ind2=' ' tag='300'><subfield code='a'>109 p. ;</subfield><subfield code='c'>21 cm.</subfield></datafield><datafield ind1=' ' ind2=' ' tag='500'><subfield code='a'>Originally published: New York : Doubleday, 1972.</subfield></datafield><datafield ind1=' ' ind2=' ' tag='500'><subfield code='a'>Paper wrappers.</subfield></datafield><datafield ind1='1' ind2='0' tag='600'><subfield code='a'>Vesey, Denmark,</subfield><subfield code='d'>approximately 1767-1822</subfield><subfield code='v'>Fiction.</subfield></datafield><datafield ind1='2' ind2=' ' tag='710'><subfield code='a'>Shamal Books,</subfield><subfield code='e'>publisher.</subfield></datafield><datafield ind1=' ' ind2=' ' tag='902'><subfield code='a'>160318</subfield></datafield><datafield ind1=' ' ind2=' ' tag='907'><subfield code='a'>.b12510361</subfield><subfield code='b'>multi</subfield><subfield code='c'>-</subfield></datafield><datafield ind1=' ' ind2=' ' tag='935'><subfield code='a'>00268060</subfield></datafield><datafield ind1=' ' ind2=' ' tag='945'><subfield code='l'>kstk </subfield><subfield code='g'>1</subfield></datafield><datafield ind1=' ' ind2=' ' tag='945'><subfield code='l'>sccc </subfield><subfield code='g'>1</subfield></datafield><datafield ind1=' ' ind2=' ' tag='950'><subfield code='l'>P</subfield><subfield code='i'>09/27/83 C</subfield></datafield><datafield ind1=' ' ind2=' ' tag='950'><subfield code='l'>CCC</subfield><subfield code='i'>09/27/83 C</subfield></datafield><datafield ind1=' ' ind2=' ' tag='955'><subfield code='l'>P</subfield><subfield code='c'>2</subfield><subfield code='i'>09/27/83 C</subfield></datafield><datafield ind1=' ' ind2=' ' tag='955'><subfield code='l'>P</subfield><subfield code='c'>3</subfield><subfield code='i'>09/27/83 C</subfield></datafield><datafield ind1=' ' ind2=' ' tag='955'><subfield code='l'>P</subfield><subfield code='i'>09/27/83 C</subfield></datafield><datafield ind1=' ' ind2=' ' tag='955'><subfield code='l'>CCC</subfield><subfield code='i'>09/27/83 C</subfield></datafield><datafield ind1=' ' ind2=' ' tag='979'><subfield code='a'>ocm08012064</subfield></datafield><datafield ind1=' ' ind2=' ' tag='998'><subfield code='b'>2</subfield><subfield code='c'>990101</subfield><subfield code='d'>m</subfield><subfield code='e'>a</subfield><subfield code='f'>-</subfield><subfield code='g'>0</subfield></datafield><datafield ind1=' ' ind2=' ' tag='998'><subfield code='a'>09/27/83</subfield><subfield code='t'>c</subfield><subfield code='s'>9114</subfield><subfield code='n'>PPT</subfield><subfield code='w'>PATG83B30308</subfield><subfield code='d'>09/26/83</subfield><subfield code='c'>GK</subfield><subfield code='b'>MK</subfield><subfield code='i'>830927</subfield><subfield code='l'>PATG</subfield></datafield><datafield ind1=' ' ind2=' ' tag='ADM'><subfield code='b'>2018-03-15 22:01:38</subfield><subfield code='e'>b12510361-01tuli_inst</subfield><subfield code='d'>ILS</subfield><subfield code='a'>2017-06-20 11:39:34</subfield><subfield code='c'>false</subfield></datafield><datafield ind1='0' ind2=' ' tag='HLD'><subfield code='b'>SCRC</subfield><subfield code='c'>rarestacks</subfield><subfield code='h'>PS3561.I37G7x 1980</subfield><subfield code='8'>22312817710003811</subfield></datafield><datafield ind1='0' ind2=' ' tag='HLD'><subfield code='b'>KARDON</subfield><subfield code='c'>p_remote</subfield><subfield code='h'>PS3561.I37G7x 1980</subfield><subfield code='8'>22312817690003811</subfield></datafield><datafield ind1=' ' ind2=' ' tag='ITM'><subfield code='r'>22312817690003811</subfield><subfield code='b'>0</subfield><subfield code='u'>MISSING</subfield><subfield code='h'>0</subfield><subfield code='g'>p_remote</subfield><subfield code='t'>BOOK</subfield><subfield code='e'>p_remote</subfield><subfield code='8'>23312817680003811</subfield><subfield code='a'>0</subfield><subfield code='q'>2017-06-20 11:39:34</subfield><subfield code='i'>PS3561.I37G7x 1980</subfield><subfield code='d'>KARDON</subfield><subfield code='f'>KARDON</subfield></datafield><datafield ind1=' ' ind2=' ' tag='ITM'><subfield code='r'>22312817710003811</subfield><subfield code='b'>1</subfield><subfield code='h'>0</subfield><subfield code='g'>rarestacks</subfield><subfield code='t'>BOOK</subfield><subfield code='9'>39074005944152</subfield><subfield code='e'>rarestacks</subfield><subfield code='8'>23312817700003811</subfield><subfield code='a'>4</subfield><subfield code='q'>2017-06-20 11:39:34</subfield><subfield code='i'>PS3561.I37G7x 1980</subfield><subfield code='d'>SCRC</subfield><subfield code='f'>SCRC</subfield></datafield></record>