
<record xmlns='http://www.loc.gov/MARC21/slim'><leader>01460cam a2200421 a 4500</leader><controlfield tag='005'>20180315120940.0</controlfield><controlfield tag='008'>060214s2004    mduab    b    001 0beng  </controlfield><controlfield tag='001'>991003742459703811</controlfield><datafield ind1=' ' ind2=' ' tag='010'><subfield code='a'>2006272498</subfield></datafield><datafield ind1=' ' ind2=' ' tag='020'><subfield code='a'>074254222X (cloth: alk. paper)</subfield></datafield><datafield ind1=' ' ind2=' ' tag='020'><subfield code='a'>074254223X (pbk: alk. paper)</subfield></datafield><datafield ind1=' ' ind2=' ' tag='035'><subfield code='a'>(PPT)b27916972-01tuli_inst</subfield></datafield><datafield ind1=' ' ind2=' ' tag='035'><subfield code='a'>ocn490482176</subfield><subfield code='9'>ExL</subfield></datafield><datafield ind1=' ' ind2=' ' tag='035'><subfield code='a'>PPTb27916972</subfield></datafield><datafield ind1=' ' ind2=' ' tag='035'><subfield code='a'>ocm57419008</subfield></datafield><datafield ind1=' ' ind2=' ' tag='035'><subfield code='a'>(OCLC)ocm57419008</subfield></datafield><datafield ind1=' ' ind2=' ' tag='040'><subfield code='a'>DLC</subfield><subfield code='c'>DLC</subfield><subfield code='d'>PPT</subfield></datafield><datafield ind1=' ' ind2=' ' tag='043'><subfield code='a'>n-us-sc</subfield></datafield><datafield ind1=' ' ind2=' ' tag='079'><subfield code='a'>ocm57419008</subfield></datafield><datafield ind1=' ' ind2=' ' tag='090'><subfield code='a'>F279.C49</subfield><subfield code='b'>N423 2004</subfield></datafield><datafield ind1='1' ind2=' ' tag='100'><subfield code='a'>Egerton, Douglas R.</subfield></datafield><datafield ind1='1' ind2='0' tag='245'><subfield code='a'>He shall go out free :</subfield><subfield code='b'>the lives of Denmark Vesey /</subfield><subfield code='c'>Douglas R. Egerton.</subfield></datafield><datafield ind1=' ' ind2=' ' tag='250'><subfield code='a'>Revised and updated ed.</subfield></datafield><datafield ind1=' ' ind2=' ' tag='260'><subfield code='a'>Lanham :</subfield><subfield code='b'>Rowman &amp; Littlefield Publishers,</subfield><subfield code='c'>c2004</subfield></datafield><datafield ind1=' ' ind2=' ' tag='300'><subfield code='a'>268 p. :</subfield><subfield code='b'>ill., maps ;</subfield><subfield code='c'>24 cm.</subfield></datafield><datafield ind1='1' ind2=' ' tag='490'><subfield code='a'>American profiles.</subfield></datafield><datafield ind1=' ' ind2=' ' tag='504'><subfield code='a'>Includes bibliographical references and index.</subfield></datafield><datafield ind1='1' ind2='0' tag='600'><subfield code='a'>Vesey, Denmark,</subfield><subfield code='d'>approximately 1767-1822.</subfield></datafield><datafield ind1=' ' ind2='0' tag='651'><subfield code='a'>Charleston (S.C.)</subfield><subfield code='x'>History</subfield><subfield code='y'>Slave Insurrection, 1822.</subfield></datafield><datafield ind1=' ' ind2='0' tag='650'><subfield code='a'>Slave insurrections</subfield><subfield code='z'>South Carolina</subfield><subfield code='z'>Charleston.</subfield></datafield><datafield ind1=' ' ind2='0' tag='650'><subfield code='a'>African Americans</subfield><subfield code='z'>South Carolina</subfield><subfield code='z'>Charleston</subfield><subfield code='v'>Biography.</subfield></datafield><datafield ind1=' ' ind2='0' tag='650'><subfield code='a'>Slaves</subfield><subfield code='z'>South Carolina</subfield><subfield code='z'>Charleston</subfield><subfield code='x'>History.</subfield></datafield><datafield ind1=' ' ind2='0' tag='830'><subfield code='a'>American profiles (Madison, Wis.)</subfield></datafield><datafield ind1=' ' ind2=' ' tag='907'><subfield code='a'>.b27916972</subfield><subfield code='b'>p    </subfield><subfield code='c'>-</subfield></datafield><datafield ind1=' ' ind2=' ' tag='945'><subfield code='l'>pstk </subfield><subfield code='g'>1</subfield></datafield><datafield ind1=' ' ind2=' ' tag='979'><subfield code='a'>ocm57419008</subfield></datafield><datafield ind1=' ' ind2=' ' tag='998'><subfield code='b'>0</subfield><subfield code='c'>060302</subfield><subfield code='d'>m</subfield><subfield code='e'>a</subfield><subfield code='f'>-</subfield><subfield code='g'>0</subfield></datafield><datafield ind1=' ' ind2=' ' tag='998'><subfield code='a'>03/02/06</subfield><subfield code='s'>LC</subfield><subfield code='c'>DH</subfield></datafield><datafield ind1=' ' ind2=' ' tag='ADM'><subfield code='b'>2018-03-15 16:09:40</subfield><subfield code='e'>b27916972-01tuli_inst</subfield><subfield code='d'>ILS</subfield><subfield code='a'>2017-06-20 10:24:49</subfield><subfield code='c'>false</subfield></datafield><datafield ind1='0' ind2=' ' tag='HLD'><subfield code='b'>MAIN</subfield><subfield code='c'>stacks</subfield><subfield code='h'>F279.C49</subfield><subfield code='i'>N423 2004</subfield><subfield code='8'>22302724360003811</subfield></datafield><datafield ind1=' ' ind2=' ' tag='ITM'><subfield code='r'>22302724360003811</subfield><subfield code='b'>0</subfield><subfield code='u'>LOAN</subfield><subfield code='h'>0</subfield><subfield code='g'>stacks</subfield><subfield code='t'>BOOK</subfield><subfield code='9'>39074017756834</subfield><subfield code='e'>stacks</subfield><subfield code='8'>23302724350003811</subfield><subfield code='a'>0</subfield><subfield code='q'>2017-06-20 10:24:49</subfield><subfield code='i'>F279.C49 N423 2004</subfield><subfield code='d'>MAIN</subfield><subfield code='f'>MAIN</subfield></datafield></record>