
<record xmlns='http://www.loc.gov/MARC21/slim'><leader>01549cam a2200505   4500</leader><controlfield tag='005'>20170825205824.0</controlfield><controlfield tag='008'>850911s1964    ohu      b    001 0beng d</controlfield><controlfield tag='001'>991018277049703811</controlfield><datafield ind1=' ' ind2=' ' tag='010'><subfield code='a'>64016126</subfield></datafield><datafield ind1=' ' ind2=' ' tag='035'><subfield code='a'>(PPT)b13718526-01tuli_inst</subfield></datafield><datafield ind1=' ' ind2=' ' tag='035'><subfield code='a'>ocn471357656</subfield><subfield code='9'>ExL</subfield></datafield><datafield ind1=' ' ind2=' ' tag='035'><subfield code='a'>PATW89-B06783</subfield></datafield><datafield ind1=' ' ind2=' ' tag='035'><subfield code='a'>PATG85-B23845</subfield></datafield><datafield ind1=' ' ind2=' ' tag='035'><subfield code='a'>ocm00290985</subfield></datafield><datafield ind1=' ' ind2=' ' tag='035'><subfield code='a'>(OCLC)ocm00290985</subfield></datafield><datafield ind1=' ' ind2=' ' tag='040'><subfield code='a'>CU</subfield><subfield code='c'>CU</subfield><subfield code='d'>PPT</subfield></datafield><datafield ind1=' ' ind2=' ' tag='043'><subfield code='a'>n-us-sc</subfield></datafield><datafield ind1=' ' ind2=' ' tag='079'><subfield code='a'>ocm00290985</subfield></datafield><datafield ind1=' ' ind2=' ' tag='090'><subfield code='a'>F279.C4L6</subfield></datafield><datafield ind1='1' ind2=' ' tag='100'><subfield code='a'>Lofton, John.</subfield></datafield><datafield ind1='1' ind2='0' tag='245'><subfield code='a'>Insurrection in South Carolina :</subfield><subfield code='b'>the turbulent world of Denmark Vesey /</subfield><subfield code='c'>by John Lofton.</subfield></datafield><datafield ind1=' ' ind2=' ' tag='260'><subfield code='a'>Yellow Springs, Ohio :</subfield><subfield code='b'>Antioch Press,</subfield><subfield code='c'>c1964.</subfield></datafield><datafield ind1=' ' ind2=' ' tag='300'><subfield code='a'>ix, 294 p.  ;</subfield><subfield code='c'>22 cm.</subfield></datafield><datafield ind1=' ' ind2=' ' tag='500'><subfield code='a'>Maps on lining papers.</subfield></datafield><datafield ind1=' ' ind2=' ' tag='500'><subfield code='a'>Includes index.</subfield></datafield><datafield ind1=' ' ind2=' ' tag='504'><subfield code='a'>Bibliography: p. [274]-286.</subfield></datafield><datafield ind1='1' ind2='0' tag='600'><subfield code='a'>Vesey, Denmark,</subfield><subfield code='d'>approximately 1767-1822.</subfield></datafield><datafield ind1=' ' ind2='0' tag='650'><subfield code='a'>Slavery</subfield><subfield code='z'>South Carolina.</subfield></datafield><datafield ind1=' ' ind2='0' tag='651'><subfield code='a'>Charleston (S.C.)</subfield><subfield code='x'>History</subfield><subfield code='y'>Slave Insurrection, 1822.</subfield></datafield><datafield ind1='4' ind2=' ' tag='740'><subfield code='a'>The turbulent world of Denmark Vesey.</subfield></datafield><datafield ind1=' ' ind2=' ' tag='902'><subfield code='a'>151216</subfield></datafield><datafield ind1=' ' ind2=' ' tag='907'><subfield code='a'>.b13718526</subfield><subfield code='b'>multi</subfield><subfield code='c'>-</subfield></datafield><datafield ind1=' ' ind2=' ' tag='935'><subfield code='a'>00608827</subfield></datafield><datafield ind1=' ' ind2=' ' tag='935'><subfield code='a'>00395841</subfield></datafield><datafield ind1=' ' ind2=' ' tag='945'><subfield code='l'>astk </subfield><subfield code='g'>1</subfield></datafield><datafield ind1=' ' ind2=' ' tag='945'><subfield code='l'>astk </subfield><subfield code='g'>1</subfield></datafield><datafield ind1=' ' ind2=' ' tag='945'><subfield code='l'>b    </subfield><subfield code='a'>F279.C4L6 1964</subfield><subfield code='g'>1</subfield></datafield><datafield ind1=' ' ind2=' ' tag='945'><subfield code='l'>pstk </subfield><subfield code='g'>1</subfield></datafield><datafield ind1=' ' ind2=' ' tag='950'><subfield code='l'>P</subfield><subfield code='h'>04/13/87 C</subfield></datafield><datafield ind1=' ' ind2=' ' tag='950'><subfield code='l'>AMB</subfield></datafield><datafield ind1=' ' ind2=' ' tag='955'><subfield code='l'>P</subfield><subfield code='c'>0</subfield><subfield code='h'>04/13/87 C</subfield></datafield><datafield ind1=' ' ind2=' ' tag='955'><subfield code='l'>AMB</subfield><subfield code='c'>0</subfield><subfield code='h'>04/13/87 C</subfield></datafield><datafield ind1=' ' ind2=' ' tag='979'><subfield code='a'>ocm00290985</subfield></datafield><datafield ind1=' ' ind2=' ' tag='998'><subfield code='b'>4</subfield><subfield code='c'>990101</subfield><subfield code='d'>m</subfield><subfield code='e'>a</subfield><subfield code='f'>-</subfield><subfield code='g'>0</subfield></datafield><datafield ind1=' ' ind2=' ' tag='998'><subfield code='a'>04/28/87</subfield><subfield code='t'>c</subfield><subfield code='s'>9114</subfield><subfield code='n'>PPT</subfield><subfield code='w'>CUBG12070181B</subfield><subfield code='d'>09/11/85</subfield><subfield code='c'>AM</subfield><subfield code='b'>BLO</subfield><subfield code='i'>870428</subfield><subfield code='h'>870413</subfield><subfield code='l'>PATG</subfield></datafield><datafield ind1=' ' ind2=' ' tag='ADM'><subfield code='b'>2017-08-26 00:58:24</subfield><subfield code='e'>b13718526-01tuli_inst</subfield><subfield code='d'>ILS</subfield><subfield code='a'>2017-06-20 08:19:59</subfield><subfield code='c'>false</subfield></datafield><datafield ind1='0' ind2=' ' tag='HLD'><subfield code='b'>AMBLER</subfield><subfield code='c'>stacks</subfield><subfield code='h'>F279.C4L6</subfield><subfield code='8'>22280617690003811</subfield></datafield><datafield ind1='0' ind2=' ' tag='HLD'><subfield code='b'>MAIN</subfield><subfield code='c'>stacks</subfield><subfield code='h'>F279.C4L6</subfield><subfield code='8'>22280617730003811</subfield></datafield><datafield ind1='0' ind2=' ' tag='HLD'><subfield code='b'>BLOCKSON</subfield><subfield code='c'>rarestacks</subfield><subfield code='h'>F279.C4L6 1964</subfield><subfield code='8'>22280617650003811</subfield></datafield><datafield ind1=' ' ind2=' ' tag='ITM'><subfield code='r'>22280617690003811</subfield><subfield code='b'>1</subfield><subfield code='h'>0</subfield><subfield code='g'>stacks</subfield><subfield code='t'>BOOK</subfield><subfield code='e'>stacks</subfield><subfield code='8'>23280617660003811</subfield><subfield code='a'>0</subfield><subfield code='q'>2017-06-20 08:19:59</subfield><subfield code='i'>F279.C4L6</subfield><subfield code='d'>AMBLER</subfield><subfield code='f'>AMBLER</subfield></datafield><datafield ind1=' ' ind2=' ' tag='ITM'><subfield code='r'>22280617690003811</subfield><subfield code='b'>1</subfield><subfield code='h'>0</subfield><subfield code='g'>stacks</subfield><subfield code='t'>BOOK</subfield><subfield code='9'>39074002658532</subfield><subfield code='e'>stacks</subfield><subfield code='8'>23280617670003811</subfield><subfield code='a'>0</subfield><subfield code='q'>2017-06-20 08:19:59</subfield><subfield code='i'>F279.C4L6</subfield><subfield code='d'>AMBLER</subfield><subfield code='f'>AMBLER</subfield></datafield><datafield ind1=' ' ind2=' ' tag='ITM'><subfield code='r'>22280617730003811</subfield><subfield code='b'>1</subfield><subfield code='h'>0</subfield><subfield code='g'>stacks</subfield><subfield code='t'>BOOK</subfield><subfield code='9'>39074005341292</subfield><subfield code='e'>stacks</subfield><subfield code='8'>23280617700003811</subfield><subfield code='a'>0</subfield><subfield code='q'>2017-06-20 08:19:59</subfield><subfield code='i'>F279.C4L6</subfield><subfield code='d'>MAIN</subfield><subfield code='f'>MAIN</subfield></datafield><datafield ind1=' ' ind2=' ' tag='ITM'><subfield code='r'>22280617650003811</subfield><subfield code='b'>1</subfield><subfield code='h'>0</subfield><subfield code='g'>rarestacks</subfield><subfield code='t'>BOOK</subfield><subfield code='e'>rarestacks</subfield><subfield code='8'>23280617640003811</subfield><subfield code='a'>4</subfield><subfield code='q'>2017-06-20 08:19:59</subfield><subfield code='i'>F279.C4L6 1964</subfield><subfield code='d'>BLOCKSON</subfield><subfield code='f'>BLOCKSON</subfield></datafield></record>