
<record xmlns='http://www.loc.gov/MARC21/slim'><leader>01575nam a2200409 a 4500</leader><controlfield tag='005'>20170825195220.0</controlfield><controlfield tag='008'>000201s1999    ncu      b   s001 0deng  </controlfield><controlfield tag='001'>991006859009703811</controlfield><datafield ind1=' ' ind2=' ' tag='010'><subfield code='a'>98005871</subfield></datafield><datafield ind1=' ' ind2=' ' tag='020'><subfield code='a'>0807824461</subfield></datafield><datafield ind1=' ' ind2=' ' tag='035'><subfield code='a'>(PPT)b19549696-01tuli_inst</subfield></datafield><datafield ind1=' ' ind2=' ' tag='035'><subfield code='a'>(CStRLIN)ocn475718915</subfield><subfield code='9'>ExL</subfield></datafield><datafield ind1=' ' ind2=' ' tag='035'><subfield code='a'>PATG00-B1807</subfield></datafield><datafield ind1=' ' ind2=' ' tag='035'><subfield code='a'>ocm38485841</subfield></datafield><datafield ind1=' ' ind2=' ' tag='035'><subfield code='a'>(OCLC)ocm38485841</subfield></datafield><datafield ind1=' ' ind2=' ' tag='040'><subfield code='a'>DLC</subfield><subfield code='c'>DLC</subfield><subfield code='d'>DLC</subfield></datafield><datafield ind1=' ' ind2=' ' tag='043'><subfield code='a'>n-us-sc</subfield></datafield><datafield ind1=' ' ind2=' ' tag='079'><subfield code='a'>ocm38485841</subfield></datafield><datafield ind1=' ' ind2=' ' tag='090'><subfield code='a'>F279.C49</subfield><subfield code='b'>N418 1999</subfield></datafield><datafield ind1='0' ind2='0' tag='245'><subfield code='a'>Designs against Charleston :</subfield><subfield code='b'>the trial record of the Denmark Vesey Slave Conspiracy of 1822 /</subfield><subfield code='c'>edited and with an introduction by Edward A. Pearson.</subfield></datafield><datafield ind1=' ' ind2=' ' tag='260'><subfield code='a'>Chapel Hill :</subfield><subfield code='b'>University of North Carolina Press,</subfield><subfield code='c'>c1999.</subfield></datafield><datafield ind1=' ' ind2=' ' tag='300'><subfield code='a'>xiii, 387 p. ;</subfield><subfield code='c'>25 cm.</subfield></datafield><datafield ind1=' ' ind2=' ' tag='504'><subfield code='a'>Includes bibliographical references (p. [357]-377) and index.</subfield></datafield><datafield ind1=' ' ind2='0' tag='651'><subfield code='a'>Charleston (S.C.)</subfield><subfield code='x'>History</subfield><subfield code='y'>Slave Insurrection, 1822.</subfield></datafield><datafield ind1='1' ind2='0' tag='600'><subfield code='a'>Vesey, Denmark,</subfield><subfield code='d'>approximately 1767-1822.</subfield></datafield><datafield ind1=' ' ind2='0' tag='650'><subfield code='a'>Slave insurrections</subfield><subfield code='z'>South Carolina</subfield><subfield code='z'>Charleston</subfield><subfield code='x'>History</subfield><subfield code='y'>19th century.</subfield></datafield><datafield ind1=' ' ind2='0' tag='650'><subfield code='a'>African Americans</subfield><subfield code='z'>South Carolina</subfield><subfield code='z'>Charleston</subfield><subfield code='x'>Social conditions.</subfield></datafield><datafield ind1='1' ind2='0' tag='600'><subfield code='a'>Vesey, Denmark,</subfield><subfield code='d'>approximately 1767-1822</subfield><subfield code='x'>Trials, litigation, etc.</subfield></datafield><datafield ind1='1' ind2=' ' tag='700'><subfield code='a'>Pearson, Edward A.</subfield></datafield><datafield ind1=' ' ind2='1' tag='901'><subfield code='i'>39074014347777</subfield><subfield code='l'>pstk</subfield><subfield code='a'>F279.C49</subfield><subfield code='b'>N418 1999</subfield><subfield code='t'>0</subfield><subfield code='s'>-</subfield><subfield code='z'>090</subfield></datafield><datafield ind1=' ' ind2=' ' tag='902'><subfield code='a'>130315</subfield></datafield><datafield ind1=' ' ind2=' ' tag='907'><subfield code='a'>.b19549696</subfield><subfield code='b'>p    </subfield><subfield code='c'>-</subfield></datafield><datafield ind1=' ' ind2=' ' tag='945'><subfield code='l'>pstk </subfield><subfield code='g'>1</subfield></datafield><datafield ind1=' ' ind2=' ' tag='950'><subfield code='l'>P</subfield></datafield><datafield ind1=' ' ind2=' ' tag='979'><subfield code='a'>ocm38485841</subfield></datafield><datafield ind1=' ' ind2=' ' tag='998'><subfield code='b'>1</subfield><subfield code='c'>000202</subfield><subfield code='d'>m</subfield><subfield code='e'>a</subfield><subfield code='f'>-</subfield><subfield code='g'>0</subfield></datafield><datafield ind1=' ' ind2=' ' tag='998'><subfield code='a'>02/01/00</subfield><subfield code='t'>c</subfield><subfield code='s'>9110</subfield><subfield code='l'>PATG</subfield><subfield code='n'>PPT</subfield><subfield code='w'>DCLC985871B</subfield><subfield code='d'>02/01/00</subfield><subfield code='c'>RM </subfield><subfield code='b'>RF</subfield></datafield><datafield ind1=' ' ind2=' ' tag='ADM'><subfield code='b'>2017-08-25 23:52:20</subfield><subfield code='e'>b19549696-01tuli_inst</subfield><subfield code='d'>ILS</subfield><subfield code='a'>2017-06-20 13:37:25</subfield><subfield code='c'>false</subfield></datafield><datafield ind1='0' ind2=' ' tag='HLD'><subfield code='b'>MAIN</subfield><subfield code='c'>stacks</subfield><subfield code='h'>F279.C49</subfield><subfield code='i'>N418 1999</subfield><subfield code='8'>22326154610003811</subfield></datafield><datafield ind1=' ' ind2=' ' tag='ITM'><subfield code='r'>22326154610003811</subfield><subfield code='b'>1</subfield><subfield code='h'>0</subfield><subfield code='g'>stacks</subfield><subfield code='t'>BOOK</subfield><subfield code='9'>39074014347777</subfield><subfield code='e'>stacks</subfield><subfield code='8'>23326154600003811</subfield><subfield code='a'>0</subfield><subfield code='q'>2017-06-20 13:37:25</subfield><subfield code='i'>F279.C49 N418 1999</subfield><subfield code='d'>MAIN</subfield><subfield code='f'>MAIN</subfield></datafield></record>