
<record xmlns='http://www.loc.gov/MARC21/slim'><leader>02302nam a2200493 a 4500</leader><controlfield tag='005'>20180315150013.0</controlfield><controlfield tag='006'>m        u        </controlfield><controlfield tag='007'>cr cn|||||||||</controlfield><controlfield tag='008'>010112s1999    ncu     sb   s001 0deng d</controlfield><controlfield tag='001'>991026629539703811</controlfield><datafield ind1=' ' ind2=' ' tag='010'><subfield code='z'>98005871</subfield></datafield><datafield ind1=' ' ind2=' ' tag='020'><subfield code='a'>0807866989 (electronic bk.) :</subfield><subfield code='c'>$49.95</subfield></datafield><datafield ind1=' ' ind2=' ' tag='020'><subfield code='z'>0807824461</subfield></datafield><datafield ind1=' ' ind2=' ' tag='035'><subfield code='a'>(PPT)b2461841x-01tuli_inst</subfield></datafield><datafield ind1=' ' ind2=' ' tag='035'><subfield code='a'>ocn492962812</subfield><subfield code='9'>ExL</subfield></datafield><datafield ind1=' ' ind2=' ' tag='035'><subfield code='a'>47577</subfield></datafield><datafield ind1=' ' ind2=' ' tag='035'><subfield code='a'>nL47577</subfield></datafield><datafield ind1=' ' ind2=' ' tag='040'><subfield code='a'>N$T</subfield><subfield code='c'>N$T</subfield></datafield><datafield ind1=' ' ind2=' ' tag='043'><subfield code='a'>n-us-sc</subfield></datafield><datafield ind1=' ' ind2=' ' tag='079'><subfield code='a'>ocm45843914</subfield></datafield><datafield ind1=' ' ind2=' ' tag='090'><subfield code='a'>F279.C49</subfield><subfield code='b'>N418 1999eb</subfield></datafield><datafield ind1='0' ind2='0' tag='245'><subfield code='a'>Designs against Charleston</subfield><subfield code='h'>[electronic resource] :</subfield><subfield code='b'>the trial record of the Denmark Vesey Slave Conspiracy of 1822 /</subfield><subfield code='c'>edited and with an introduction by Edward A. Pearson.</subfield></datafield><datafield ind1=' ' ind2=' ' tag='260'><subfield code='a'>Chapel Hill :</subfield><subfield code='b'>University of North Carolina Press,</subfield><subfield code='c'>c1999.</subfield></datafield><datafield ind1=' ' ind2=' ' tag='300'><subfield code='a'>xiii, 387 p. ;</subfield><subfield code='c'>25 cm.</subfield></datafield><datafield ind1=' ' ind2=' ' tag='504'><subfield code='a'>Includes bibliographical references (p. [357]-377) and index.</subfield></datafield><datafield ind1=' ' ind2=' ' tag='533'><subfield code='a'>Electronic reproduction.</subfield><subfield code='b'>Boulder, Colo. :</subfield><subfield code='c'>NetLibrary,</subfield><subfield code='d'>2001.</subfield><subfield code='n'>Available via World Wide Web.</subfield><subfield code='n'>Access may be limited to NetLibrary affiliated libraries.</subfield></datafield><datafield ind1=' ' ind2=' ' tag='590'><subfield code='a'>Access is available to the Temple Community through use of a networked computer with a Temple IP address.</subfield></datafield><datafield ind1=' ' ind2='0' tag='651'><subfield code='a'>Charleston (S.C.)</subfield><subfield code='x'>History</subfield><subfield code='y'>Slave Insurrection, 1822.</subfield></datafield><datafield ind1='1' ind2='0' tag='600'><subfield code='a'>Vesey, Denmark,</subfield><subfield code='d'>approximately 1767-1822.</subfield></datafield><datafield ind1=' ' ind2='0' tag='650'><subfield code='a'>Slave insurrections</subfield><subfield code='z'>South Carolina</subfield><subfield code='z'>Charleston</subfield><subfield code='x'>History</subfield><subfield code='y'>19th century.</subfield></datafield><datafield ind1=' ' ind2='0' tag='650'><subfield code='a'>African Americans</subfield><subfield code='z'>South Carolina</subfield><subfield code='z'>Charleston</subfield><subfield code='x'>Social conditions.</subfield></datafield><datafield ind1='1' ind2='0' tag='600'><subfield code='a'>Vesey, Denmark,</subfield><subfield code='d'>approximately 1767-1822</subfield><subfield code='v'>Trials, litigation, etc.</subfield></datafield><datafield ind1=' ' ind2='0' tag='655'><subfield code='a'>Electronic books.</subfield></datafield><datafield ind1='1' ind2=' ' tag='700'><subfield code='a'>Pearson, Edward A.</subfield></datafield><datafield ind1='2' ind2=' ' tag='710'><subfield code='a'>EBSCO Publishing (Firm)</subfield></datafield><datafield ind1='0' ind2=' ' tag='730'><subfield code='a'>EBSCOhost eBook collection.</subfield></datafield><datafield ind1='0' ind2=' ' tag='776'><subfield code='c'>Original</subfield><subfield code='w'>(DLC) 98005871</subfield></datafield><datafield ind1='4' ind2=' ' tag='856'><subfield code='3'>Bibliographic record display</subfield><subfield code='u'>http://libproxy.temple.edu/login?url=http://www.netLibrary.com/urlapi.asp?action=summary&amp;v=1&amp;bookid=47577</subfield><subfield code='z'>An electronic book accessible through the World Wide Web; click for information</subfield></datafield><datafield ind1=' ' ind2=' ' tag='902'><subfield code='a'>e-resource trial</subfield></datafield><datafield ind1=' ' ind2=' ' tag='902'><subfield code='a'>Authority information changed to reflect Ebsco&apos;s purchase of NetLibrary in 2011; mrtl 2/16/15</subfield></datafield><datafield ind1=' ' ind2=' ' tag='907'><subfield code='a'>.b2461841x</subfield><subfield code='b'>w    </subfield><subfield code='c'>-</subfield></datafield><datafield ind1=' ' ind2=' ' tag='945'><subfield code='l'>w    </subfield><subfield code='g'>0</subfield></datafield><datafield ind1=' ' ind2=' ' tag='998'><subfield code='b'>1</subfield><subfield code='c'>020430</subfield><subfield code='d'>m</subfield><subfield code='e'>@</subfield><subfield code='f'>-</subfield><subfield code='g'>0</subfield></datafield><datafield ind1=' ' ind2=' ' tag='998'><subfield code='b'>1</subfield><subfield code='c'>020430</subfield><subfield code='d'>m</subfield><subfield code='e'>@</subfield><subfield code='f'>-</subfield><subfield code='g'>0</subfield></datafield><datafield ind1=' ' ind2=' ' tag='ADM'><subfield code='b'>2018-03-15 19:00:14</subfield><subfield code='e'>b2461841x-01tuli_inst</subfield><subfield code='d'>ILS</subfield><subfield code='a'>2017-06-20 13:08:13</subfield><subfield code='c'>false</subfield></datafield><datafield ind1=' ' ind2=' ' tag='PRT'><subfield code='a'>53384534980003811</subfield><subfield code='b'>https://sandbox01-na.alma.exlibrisgroup.com/view/uresolver/01TULI_INST/openurl?u.ignore_date_coverage=true&amp;rft.mms_id=991026629539703811</subfield><subfield code='f'>An electronic book accessible through the World Wide Web; click for information</subfield><subfield code='9'>Available</subfield><subfield code='d'>MAIN</subfield><subfield code='c'>NetLibrary</subfield><subfield code='8'>53384534980003811</subfield></datafield></record>