
<record xmlns='http://www.loc.gov/MARC21/slim'><leader>03906cam a2200589 a 4500</leader><controlfield tag='001'>991036794860103811</controlfield><controlfield tag='005'>20170810185131.0</controlfield><controlfield tag='008'>980212s1999    ncu     ob   s001 0deng  </controlfield><datafield ind1=' ' ind2=' ' tag='010'><subfield code='a'>   98005871 </subfield></datafield><datafield ind1=' ' ind2=' ' tag='020'><subfield code='a'>0-8078-6698-9</subfield></datafield><datafield ind1=' ' ind2=' ' tag='035'><subfield code='a'>(CKB)111004368568050</subfield></datafield><datafield ind1=' ' ind2=' ' tag='035'><subfield code='a'>(MH)007864342-2</subfield></datafield><datafield ind1=' ' ind2=' ' tag='035'><subfield code='a'>(SSID)ssj0000137482</subfield></datafield><datafield ind1=' ' ind2=' ' tag='035'><subfield code='a'>(PQKBManifestationID)12000489</subfield></datafield><datafield ind1=' ' ind2=' ' tag='035'><subfield code='a'>(PQKBTitleCode)TC0000137482</subfield></datafield><datafield ind1=' ' ind2=' ' tag='035'><subfield code='a'>(PQKBWorkID)10088783</subfield></datafield><datafield ind1=' ' ind2=' ' tag='035'><subfield code='a'>(PQKB)11383129</subfield></datafield><datafield ind1=' ' ind2=' ' tag='035'><subfield code='a'>(EXLCZ)99111004368568050</subfield></datafield><datafield ind1=' ' ind2=' ' tag='040'><subfield code='a'>DLC</subfield><subfield code='c'>DLC</subfield><subfield code='d'>DLC</subfield></datafield><datafield ind1=' ' ind2=' ' tag='041'><subfield code='a'>eng</subfield></datafield><datafield ind1=' ' ind2=' ' tag='043'><subfield code='a'>n-us-sc</subfield></datafield><datafield ind1='0' ind2='0' tag='050'><subfield code='a'>F279.C49</subfield><subfield code='b'>N418 1999</subfield></datafield><datafield ind1='0' ind2='0' tag='082'><subfield code='a'>975.7/91503</subfield><subfield code='2'>21</subfield></datafield><datafield ind1='0' ind2='0' tag='245'><subfield code='a'>Designs against Charleston :</subfield><subfield code='b'>the trial record of the Denmark Vesey Slave Conspiracy of 1822 /</subfield><subfield code='c'>edited and with an introduction by Edward A. Pearson.</subfield><subfield code='h'>[electronic resource]</subfield></datafield><datafield ind1=' ' ind2=' ' tag='260'><subfield code='a'>Chapel Hill :</subfield><subfield code='b'>University of North Carolina Press,</subfield><subfield code='c'>c1999.</subfield></datafield><datafield ind1=' ' ind2=' ' tag='300'><subfield code='a'>1 online resource (xiii, 387 p. )</subfield></datafield><datafield ind1=' ' ind2=' ' tag='336'><subfield code='a'>text</subfield><subfield code='b'>txt</subfield></datafield><datafield ind1=' ' ind2=' ' tag='337'><subfield code='a'>computer</subfield><subfield code='b'>c</subfield></datafield><datafield ind1=' ' ind2=' ' tag='338'><subfield code='a'>online resource</subfield><subfield code='b'>cr</subfield></datafield><datafield ind1=' ' ind2=' ' tag='504'><subfield code='a'>Includes bibliographical references (p. [357]-377) and index.</subfield></datafield><datafield ind1='0' ind2='0' tag='505'><subfield code='t'>Editorial Note --</subfield><subfield code='t'>Introduction. Culture and Conspiracy in Denmark Vesey&apos;s Charleston --</subfield><subfield code='t'>Transcript of the Denmark Vesey Conspiracy Trial --</subfield><subfield code='t'>A Conspiratorial Chronology --</subfield><subfield code='t'>The Conspirators and Witnesses --</subfield><subfield code='t'>Additional Documents.</subfield></datafield><datafield ind1=' ' ind2=' ' tag='520'><subfield code='a'>On July 2, 1822, officials in Charleston, South Carolina, executed a free black carpenter named Denmark Vesey for planning what would have been the most extensive slave revolt in U.S. history. Only days before the rebellion was scheduled to begin, authorities learned of the plot and arrested and imprisoned those involved. That summer, more than a hundred black Charlestonians were put on trial for their part in the conspiracy. Thirty-five were eventually sent to the gallows.</subfield></datafield><datafield ind1='8' ind2=' ' tag='520'><subfield code='a'>Designs against Charleston is a fascinating and comprehensive account of the Vesey conspiracy that uses both primary and secondary sources. Until now, readers interested in the trials have had to rely primarily on a heavily censored account published in 1822 by the men who tried the conspirators. This book contains the complete, verbatim transcript of the trials. Here, published for the first time, are the words of the accused as they were originally recorded in the courtroom.</subfield></datafield><datafield ind1='8' ind2=' ' tag='520'><subfield code='a'>Pearson also discusses the social and cultural life of Charleston in the early nineteenth century, the political and religious ideas that inspired Vesey and his followers to plan the city&apos;s destruction, and, finally, the impact that the conspiracy and its aftermath had on the lives of South Carolinians, both black and white.</subfield></datafield><datafield ind1=' ' ind2=' ' tag='500'><subfield code='a'>Bibliographic Level Mode of Issuance: Monograph</subfield></datafield><datafield ind1=' ' ind2=' ' tag='546'><subfield code='a'>English</subfield></datafield><datafield ind1='1' ind2='0' tag='600'><subfield code='a'>Vesey, Denmark,</subfield><subfield code='d'>approximately 1767-1822.</subfield></datafield><datafield ind1='1' ind2='0' tag='600'><subfield code='a'>Vesey, Denmark,</subfield><subfield code='d'>approximately 1767-1822</subfield><subfield code='v'>Trials, litigation, etc.</subfield></datafield><datafield ind1=' ' ind2='0' tag='650'><subfield code='a'>Slave insurrections</subfield><subfield code='z'>South Carolina</subfield><subfield code='z'>Charleston</subfield><subfield code='x'>History</subfield><subfield code='y'>19th century.</subfield></datafield><datafield ind1=' ' ind2='0' tag='650'><subfield code='a'>African Americans</subfield><subfield code='z'>South Carolina</subfield><subfield code='z'>Charleston</subfield><subfield code='x'>Social conditions.</subfield></datafield><datafield ind1=' ' ind2='0' tag='651'><subfield code='a'>Charleston (S.C.)</subfield><subfield code='x'>History</subfield><subfield code='y'>Slave Insurrection, 1822.</subfield></datafield><datafield ind1=' ' ind2='7' tag='655'><subfield code='a'>History.</subfield><subfield code='2'>fast</subfield></datafield><datafield ind1=' ' ind2='7' tag='655'><subfield code='a'>Trials, litigation, etc.</subfield><subfield code='2'>fast</subfield></datafield><datafield ind1=' ' ind2=' ' tag='655'><subfield code='a'>Electronic books</subfield></datafield><datafield ind1=' ' ind2='0' tag='650'><subfield code='a'>Slave insurrections</subfield><subfield code='x'>History</subfield><subfield code='y'>19th century</subfield><subfield code='z'>South Carolina</subfield><subfield code='z'>Charleston</subfield></datafield><datafield ind1=' ' ind2='0' tag='650'><subfield code='a'>African Americans</subfield><subfield code='x'>Social conditions</subfield><subfield code='z'>South Carolina</subfield><subfield code='z'>Charleston</subfield></datafield><datafield ind1=' ' ind2='7' tag='650'><subfield code='a'>Regions &amp; Countries - Americas</subfield><subfield code='2'>HILCC</subfield></datafield><datafield ind1=' ' ind2='7' tag='650'><subfield code='a'>History &amp; Archaeology</subfield><subfield code='2'>HILCC</subfield></datafield><datafield ind1=' ' ind2='7' tag='650'><subfield code='a'>United States Local History</subfield><subfield code='2'>HILCC</subfield></datafield><datafield ind1='1' ind2=' ' tag='700'><subfield code='a'>Pearson, Edward A.</subfield></datafield><datafield ind1=' ' ind2=' ' tag='776'><subfield code='z'>0-8078-2446-1</subfield></datafield><datafield ind1=' ' ind2=' ' tag='906'><subfield code='a'>BOOK</subfield></datafield><datafield ind1=' ' ind2=' ' tag='999'><subfield code='a'>This Record contains information from the Harvard Library Bibliographic Dataset, which is provided by the Harvard Library under its Bibliographic Dataset Use Terms and includes data made available by, among others the Library of Congress</subfield></datafield><datafield ind1=' ' ind2=' ' tag='ADM'><subfield code='b'>2017-08-12 08:04:48</subfield><subfield code='e'>99111004368568050</subfield><subfield code='d'>NON_SFX</subfield><subfield code='f'>20160803134623.0</subfield><subfield code='a'>2012-02-26 01:19:26</subfield><subfield code='c'>false</subfield></datafield><datafield ind1=' ' ind2=' ' tag='PRT'><subfield code='a'>53363949420003811</subfield><subfield code='b'>https://sandbox01-na.alma.exlibrisgroup.com/view/uresolver/01TULI_INST/openurl?u.ignore_date_coverage=true&amp;rft.mms_id=991036794860103811</subfield><subfield code='e'>EBSCOhost</subfield><subfield code='9'>Available</subfield><subfield code='c'>EBSCOhost Ebooks</subfield><subfield code='h'>61111000211069000</subfield><subfield code='8'>53363949420003811</subfield></datafield></record>