
<record xmlns='http://www.loc.gov/MARC21/slim'><leader>02305cam a2200505 i 4500</leader><controlfield tag='005'>20170825231030.0</controlfield><controlfield tag='008'>130329r20131964ohu      b    001 0 eng  </controlfield><controlfield tag='001'>991002720879703811</controlfield><datafield ind1=' ' ind2=' ' tag='010'><subfield code='a'>2013012600</subfield></datafield><datafield ind1=' ' ind2=' ' tag='020'><subfield code='a'>9781606351710 (pbk.)</subfield></datafield><datafield ind1=' ' ind2=' ' tag='020'><subfield code='a'>1606351710 (pbk.)</subfield></datafield><datafield ind1=' ' ind2=' ' tag='035'><subfield code='a'>(PPT)b56071413-01tuli_inst</subfield></datafield><datafield ind1=' ' ind2=' ' tag='035'><subfield code='a'>(OCoLC)ocn880495191</subfield><subfield code='9'>ExL</subfield></datafield><datafield ind1=' ' ind2=' ' tag='035'><subfield code='a'>(OCoLC)822667721</subfield></datafield><datafield ind1=' ' ind2=' ' tag='035'><subfield code='a'>ocn822667721</subfield></datafield><datafield ind1=' ' ind2=' ' tag='035'><subfield code='a'>(OCLC)ocn822667721</subfield></datafield><datafield ind1=' ' ind2=' ' tag='040'><subfield code='a'>DLC</subfield><subfield code='b'>eng</subfield><subfield code='e'>rda</subfield><subfield code='c'>DLC</subfield><subfield code='d'>YDXCP</subfield><subfield code='d'>BTCTA</subfield><subfield code='d'>BDX</subfield><subfield code='d'>OCLCO</subfield><subfield code='d'>IMF</subfield><subfield code='d'>CDX</subfield></datafield><datafield ind1=' ' ind2=' ' tag='042'><subfield code='a'>pcc</subfield></datafield><datafield ind1=' ' ind2=' ' tag='043'><subfield code='a'>n-us-sc</subfield></datafield><datafield ind1='0' ind2='0' tag='050'><subfield code='a'>F279.C49</subfield><subfield code='b'>N44 2013</subfield></datafield><datafield ind1=' ' ind2=' ' tag='079'><subfield code='a'>ocn822667721</subfield></datafield><datafield ind1=' ' ind2=' ' tag='090'><subfield code='a'>F279.C49</subfield><subfield code='b'>N44 2013</subfield></datafield><datafield ind1='1' ind2=' ' tag='100'><subfield code='a'>Lofton, John.</subfield></datafield><datafield ind1='1' ind2='0' tag='240'><subfield code='a'>Insurrection in South Carolina</subfield></datafield><datafield ind1='1' ind2='0' tag='245'><subfield code='a'>Denmark Vesey&apos;s revolt :</subfield><subfield code='b'>the slave plot that lit a fuse to Fort Sumter /</subfield><subfield code='c'>John Lofton ; new introduction by Peter C. Hoffer.</subfield></datafield><datafield ind1=' ' ind2='1' tag='264'><subfield code='a'>Kent, Ohio :</subfield><subfield code='b'>The Kent State University Press,</subfield><subfield code='c'>2013.</subfield></datafield><datafield ind1=' ' ind2=' ' tag='300'><subfield code='a'>294 pages ;</subfield><subfield code='c'>21 cm.</subfield></datafield><datafield ind1=' ' ind2=' ' tag='336'><subfield code='a'>text</subfield><subfield code='2'>rdacontent</subfield></datafield><datafield ind1=' ' ind2=' ' tag='337'><subfield code='a'>unmediated</subfield><subfield code='2'>rdamedia</subfield></datafield><datafield ind1=' ' ind2=' ' tag='338'><subfield code='a'>volume</subfield><subfield code='2'>rdacarrier</subfield></datafield><datafield ind1='0' ind2=' ' tag='490'><subfield code='a'>American abolitionism and antislavery</subfield></datafield><datafield ind1=' ' ind2=' ' tag='500'><subfield code='a'>Originally published under title: Insurrection in South Carolina. Yellow Springs, Ohio : Antioch Press, 1964.</subfield></datafield><datafield ind1=' ' ind2=' ' tag='504'><subfield code='a'>Includes bibliographical references (pages 274-286) and index.</subfield></datafield><datafield ind1='0' ind2=' ' tag='505'><subfield code='a'>A key port -- Slavery in the islands -- Slave life at sea -- Slave city in a free republic -- Burden bearers in South Carolina -- Seeds of insurrection -- The half-free community -- Mainstream of reaction -- Eddies of revolution -- Preparing the ground -- The hour for revolt -- Rebels on trial -- The harvest of fears -- A fuse to Fort Sumter.</subfield></datafield><datafield ind1=' ' ind2='0' tag='651'><subfield code='a'>Charleston (S.C.)</subfield><subfield code='x'>History</subfield><subfield code='y'>Slave Insurrection, 1822.</subfield></datafield><datafield ind1='1' ind2='0' tag='600'><subfield code='a'>Vesey, Denmark,</subfield><subfield code='d'>approximately 1767-1822.</subfield></datafield><datafield ind1=' ' ind2='0' tag='650'><subfield code='a'>Slavery</subfield><subfield code='z'>South Carolina.</subfield></datafield><datafield ind1='0' ind2=' ' tag='775'><subfield code='i'>Reproduction of (manifestation):</subfield><subfield code='a'>Lofton, John.</subfield><subfield code='t'>Insurrection in South Carolina</subfield><subfield code='d'>Yellow Springs, Ohio : Antioch Press, 1964</subfield><subfield code='h'>294 pages ; 22 cm.</subfield><subfield code='n'>Call number of original: F279.C4L6</subfield><subfield code='w'>(DLC) 64016126</subfield></datafield><datafield ind1=' ' ind2='0' tag='830'><subfield code='a'>American abolitionism and antislavery.</subfield></datafield><datafield ind1=' ' ind2=' ' tag='902'><subfield code='a'>140612</subfield></datafield><datafield ind1=' ' ind2=' ' tag='907'><subfield code='a'>.b56071413</subfield><subfield code='b'>b    </subfield><subfield code='c'>-</subfield></datafield><datafield ind1=' ' ind2=' ' tag='945'><subfield code='l'>b    </subfield><subfield code='g'>1</subfield></datafield><datafield ind1=' ' ind2=' ' tag='979'><subfield code='a'>ocn822667721</subfield></datafield><datafield ind1=' ' ind2=' ' tag='998'><subfield code='b'>1</subfield><subfield code='c'>140514</subfield><subfield code='d'>m</subfield><subfield code='e'>a</subfield><subfield code='f'>-</subfield><subfield code='g'>0</subfield></datafield><datafield ind1=' ' ind2=' ' tag='998'><subfield code='a'>05/14/14</subfield><subfield code='s'>OCLC</subfield><subfield code='c'>AB</subfield></datafield><datafield ind1=' ' ind2=' ' tag='ADM'><subfield code='b'>2017-08-26 03:10:30</subfield><subfield code='e'>b56071413-01tuli_inst</subfield><subfield code='d'>ILS</subfield><subfield code='a'>2017-06-20 12:36:35</subfield><subfield code='c'>false</subfield></datafield><datafield ind1='0' ind2=' ' tag='HLD'><subfield code='b'>BLOCKSON</subfield><subfield code='c'>rarestacks</subfield><subfield code='h'>F279.C49</subfield><subfield code='i'>N44 2013</subfield><subfield code='8'>22319359780003811</subfield></datafield><datafield ind1=' ' ind2=' ' tag='ITM'><subfield code='r'>22319359780003811</subfield><subfield code='b'>1</subfield><subfield code='h'>0</subfield><subfield code='g'>rarestacks</subfield><subfield code='t'>BOOK</subfield><subfield code='e'>rarestacks</subfield><subfield code='8'>23319359760003811</subfield><subfield code='a'>0</subfield><subfield code='q'>2017-06-20 12:36:35</subfield><subfield code='i'>F279.C49 N44 2013</subfield><subfield code='d'>BLOCKSON</subfield><subfield code='f'>BLOCKSON</subfield></datafield></record>