
<record xmlns='http://www.loc.gov/MARC21/slim'><leader>02471cam a22004814a 4500</leader><controlfield tag='005'>20140128133728.000000.0</controlfield><controlfield tag='006'>m     o  d        </controlfield><controlfield tag='007'>cr||||||||nn|n</controlfield><controlfield tag='008'>130329r20131964ohu     o      00 0 eng d</controlfield><controlfield tag='001'>991004449269703811</controlfield><datafield ind1=' ' ind2=' ' tag='010'><subfield code='z'>2013012600</subfield></datafield><datafield ind1=' ' ind2=' ' tag='020'><subfield code='a'>9781612777054</subfield></datafield><datafield ind1=' ' ind2=' ' tag='020'><subfield code='a'>1612777058</subfield></datafield><datafield ind1=' ' ind2=' ' tag='020'><subfield code='z'>9781606351710 (pbk.)</subfield></datafield><datafield ind1=' ' ind2=' ' tag='035'><subfield code='a'>(PPT)b56524626-01tuli_inst</subfield></datafield><datafield ind1=' ' ind2=' ' tag='035'><subfield code='a'>(MdBmJHUP)muse24985</subfield><subfield code='9'>ExL</subfield></datafield><datafield ind1=' ' ind2=' ' tag='035'><subfield code='a'>(OCoLC)867741440</subfield></datafield><datafield ind1=' ' ind2=' ' tag='040'><subfield code='a'>MdBmJHUP</subfield><subfield code='c'>MdBmJHUP</subfield></datafield><datafield ind1=' ' ind2=' ' tag='043'><subfield code='a'>n-us-sc</subfield></datafield><datafield ind1=' ' ind2=' ' tag='090'><subfield code='a'>F279.C49</subfield><subfield code='b'>N44 2013eb</subfield></datafield><datafield ind1='1' ind2=' ' tag='100'><subfield code='a'>Lofton, John.</subfield></datafield><datafield ind1='1' ind2='0' tag='240'><subfield code='a'>Insurrection in South Carolina</subfield></datafield><datafield ind1='1' ind2='0' tag='245'><subfield code='a'>Denmark Vesey&apos;s revolt</subfield><subfield code='h'>[electronic resource] :</subfield><subfield code='b'>the slave plot that lit a fuse to Fort Sumter /</subfield><subfield code='c'>John Lofton ; new introduction by Peter C. Hoffer.</subfield></datafield><datafield ind1=' ' ind2=' ' tag='260'><subfield code='a'>Kent, Ohio </subfield><subfield code='b'>The Kent State University Press</subfield><subfield code='c'>2013</subfield><subfield code='e'>(Baltimore, Md. :</subfield><subfield code='f'>Project MUSE, </subfield><subfield code='g'>2014)</subfield></datafield><datafield ind1=' ' ind2=' ' tag='300'><subfield code='a'>1 online resource (pages cm.)</subfield></datafield><datafield ind1='0' ind2=' ' tag='490'><subfield code='a'>American abolitionism and antislavery</subfield></datafield><datafield ind1=' ' ind2=' ' tag='500'><subfield code='a'>Originally published under title: Insurrection in South Carolina. Yellow Springs, Ohio : Antioch Press, 1964.</subfield></datafield><datafield ind1=' ' ind2=' ' tag='504'><subfield code='a'>Includes bibliographical references and index.</subfield></datafield><datafield ind1='0' ind2=' ' tag='505'><subfield code='a'>A key port -- Slavery in the islands -- Slave life at sea -- Slave city in a free republic -- Burden bearers in South Carolina -- Seeds of insurrection -- The half-free community -- Mainstream of reaction -- Eddies of revolution -- Preparing the ground -- The hour for revolt -- Rebels on trial -- The harvest of fears -- A fuse to Fort Sumter.</subfield></datafield><datafield ind1=' ' ind2=' ' tag='588'><subfield code='a'>Description based on print version record.</subfield></datafield><datafield ind1=' ' ind2=' ' tag='590'><subfield code='a'>Access is available to the Temple Community through use of a networked computer with a Temple IP address.</subfield></datafield><datafield ind1=' ' ind2='0' tag='651'><subfield code='a'>Charleston (S.C.)</subfield><subfield code='x'>History</subfield><subfield code='y'>Slave Insurrection, 1822.</subfield></datafield><datafield ind1='1' ind2='0' tag='600'><subfield code='a'>Vesey, Denmark,</subfield><subfield code='d'>approximately 1767-1822.</subfield></datafield><datafield ind1=' ' ind2='0' tag='650'><subfield code='a'>Slavery</subfield><subfield code='z'>South Carolina.</subfield></datafield><datafield ind1=' ' ind2='7' tag='655'><subfield code='a'>Electronic books. </subfield><subfield code='2'>local</subfield></datafield><datafield ind1='2' ind2=' ' tag='710'><subfield code='a'>Project Muse.</subfield></datafield><datafield ind1='0' ind2=' ' tag='775'><subfield code='i'>Reproduction of (manifestation):</subfield><subfield code='a'>Lofton, John.</subfield><subfield code='t'>Insurrection in South Carolina</subfield><subfield code='d'>Yellow Springs, Ohio : Antioch Press, 1964</subfield><subfield code='h'>294 pages ; 22 cm.</subfield><subfield code='n'>Call number of original: F279.C4L6</subfield><subfield code='w'>(DLC) 64016126</subfield></datafield><datafield ind1=' ' ind2='0' tag='830'><subfield code='a'>UPCC book collections on Project MUSE.</subfield></datafield><datafield ind1='4' ind2='0' tag='856'><subfield code='z'>Access full text online.</subfield><subfield code='u'>http://libproxy.temple.edu/login?url=http://muse.jhu.edu/books/9781612777054/</subfield></datafield><datafield ind1=' ' ind2=' ' tag='907'><subfield code='a'>.b56524626</subfield><subfield code='b'>w    </subfield><subfield code='c'>-</subfield></datafield><datafield ind1=' ' ind2=' ' tag='902'><subfield code='a'>140828</subfield></datafield><datafield ind1=' ' ind2=' ' tag='998'><subfield code='b'>1</subfield><subfield code='c'>140830</subfield><subfield code='d'>m</subfield><subfield code='e'>@</subfield><subfield code='f'>-</subfield><subfield code='g'>0</subfield></datafield><datafield ind1=' ' ind2=' ' tag='902'><subfield code='a'>Project Muse - UPCC 2013 Complete Collection 2014-08-28</subfield></datafield><datafield ind1=' ' ind2=' ' tag='945'><subfield code='l'>w    </subfield><subfield code='g'>1</subfield></datafield><datafield ind1=' ' ind2=' ' tag='ADM'><subfield code='e'>b56524626-01tuli_inst</subfield><subfield code='d'>ILS</subfield><subfield code='a'>2017-06-20 07:40:03</subfield><subfield code='c'>false</subfield></datafield><datafield ind1=' ' ind2=' ' tag='PRT'><subfield code='a'>53381381620003811</subfield><subfield code='b'>https://sandbox01-na.alma.exlibrisgroup.com/view/uresolver/01TULI_INST/openurl?u.ignore_date_coverage=true&amp;rft.mms_id=991004449269703811</subfield><subfield code='f'>Access full text online.</subfield><subfield code='9'>Available</subfield><subfield code='d'>MAIN</subfield><subfield code='c'>Project Muse eBook Collection</subfield><subfield code='8'>53381381620003811</subfield></datafield></record>