
<record xmlns='http://www.loc.gov/MARC21/slim'><leader>03551pam a2200409 i 4500</leader><controlfield tag='005'>20180430121124.0</controlfield><controlfield tag='008'>170908t20182018nyuab    b    001 0 eng  </controlfield><controlfield tag='001'>991036890209503811</controlfield><datafield ind1=' ' ind2=' ' tag='010'><subfield code='a'>  2017041546</subfield></datafield><datafield ind1=' ' ind2=' ' tag='020'><subfield code='a'>9781620973653</subfield><subfield code='q'>(hardback ;</subfield><subfield code='q'>alk. paper)</subfield></datafield><datafield ind1=' ' ind2=' ' tag='020'><subfield code='a'>1620973650</subfield><subfield code='q'>(hardback ;</subfield><subfield code='q'>alk. paper)</subfield></datafield><datafield ind1=' ' ind2=' ' tag='035'><subfield code='a'>(OCoLC)999480271</subfield></datafield><datafield ind1=' ' ind2=' ' tag='040'><subfield code='a'>NcU/DLC</subfield><subfield code='b'>eng</subfield><subfield code='e'>rda</subfield><subfield code='c'>NOC</subfield><subfield code='d'>DLC</subfield><subfield code='d'>YDX</subfield><subfield code='d'>BTCTA</subfield><subfield code='d'>BDX</subfield><subfield code='d'>OCLCO</subfield><subfield code='d'>OCLCQ</subfield><subfield code='d'>DSC</subfield><subfield code='d'>WZW</subfield><subfield code='d'>JNE</subfield><subfield code='d'>FM0</subfield></datafield><datafield ind1=' ' ind2=' ' tag='042'><subfield code='a'>pcc</subfield></datafield><datafield ind1=' ' ind2=' ' tag='043'><subfield code='a'>n-us-sc</subfield></datafield><datafield ind1='0' ind2='0' tag='050'><subfield code='a'>F279.C457</subfield><subfield code='b'>K97 2018</subfield></datafield><datafield ind1='0' ind2='0' tag='082'><subfield code='a'>975.7/91503092</subfield><subfield code='2'>23</subfield></datafield><datafield ind1='1' ind2=' ' tag='100'><subfield code='a'>Kytle, Ethan J.,</subfield><subfield code='e'>author.</subfield></datafield><datafield ind1='1' ind2='0' tag='245'><subfield code='a'>Denmark Vesey&apos;s garden :</subfield><subfield code='b'>slavery and memory in the cradle of the Confederacy /</subfield><subfield code='c'>Ethan J. Kytle and Blain Roberts.</subfield></datafield><datafield ind1=' ' ind2='1' tag='264'><subfield code='a'>New York ;</subfield><subfield code='a'>London :</subfield><subfield code='b'>The New Press,</subfield><subfield code='c'>2018.</subfield></datafield><datafield ind1=' ' ind2='4' tag='264'><subfield code='c'>©2018</subfield></datafield><datafield ind1=' ' ind2=' ' tag='300'><subfield code='a'>445 pages :</subfield><subfield code='b'>illustrations, maps ;</subfield><subfield code='c'>24 cm</subfield></datafield><datafield ind1=' ' ind2=' ' tag='336'><subfield code='a'>text</subfield><subfield code='b'>txt</subfield><subfield code='2'>rdacontent</subfield></datafield><datafield ind1=' ' ind2=' ' tag='337'><subfield code='a'>unmediated</subfield><subfield code='b'>n</subfield><subfield code='2'>rdamedia</subfield></datafield><datafield ind1=' ' ind2=' ' tag='338'><subfield code='a'>volume</subfield><subfield code='b'>nc</subfield><subfield code='2'>rdacarrier</subfield></datafield><datafield ind1=' ' ind2=' ' tag='500'><subfield code='a'>&quot;A 150-year reckoning with America&apos;s Original Sin&quot; --front cover.</subfield></datafield><datafield ind1=' ' ind2=' ' tag='504'><subfield code='a'>Includes bibliographical references (pages 360-429) and index.</subfield></datafield><datafield ind1='0' ind2=' ' tag='505'><subfield code='a'>Prelude: Slavery&apos;s capital -- Part I: Emancipation and Reconstruction -- The year of jubilee -- Reconstructing Charleston in the shadow of slavery -- Part II: Jim Crow rising -- Setting Jim Crow in stone -- Cradle of the Lost Cause -- Part III: Jim Crow era -- Black memory in the Ivory City -- America&apos;s most historic city -- The sounds of slavery -- We don&apos;t go in for slave horrors -- Part IV: Civil rights era and beyond -- We shall overcome -- Segregating the past -- Conclusion: Denmark Vesey&apos;s garden -- Afterword: The saving grace of the Emanuel nine?</subfield></datafield><datafield ind1=' ' ind2=' ' tag='520'><subfield code='a'>A book that strikes at the heart of the recent flare-ups over Confederate symbols in Charlottesville, New Orleans, and elsewhere, Denmark Vesey&apos;s Garden reveals the deep roots of these controversies and traces them to the heart of slavery in the United States: Charleston, South Carolina, where almost half of the U.S. slave population stepped onto our shores, where the first shot at Fort Sumter began the Civil War, and where Dylann Roof shot nine people at Emanuel A.M.E. Church, the congregation of Denmark Vesey, a black revolutionary who plotted a massive slave insurrection in 1822.  As early as 1865, former slaveholders and their descendants began working to preserve a romanticized memory of the antebellum South. In contrast, former slaves, their descendants, and some white allies have worked to preserve an honest, unvarnished account of slavery as the cruel system it was.  Examining public rituals, controversial monuments, and whitewashed historical tourism, Denmark Vesey&apos;s Garden tracks these two rival memories from the Civil War all the way to contemporary times, where two segregated tourism industries still reflect these opposing impressions of the past, exposing a hidden dimension of America&apos;s deep racial divide. Denmark Vesey&apos;s Garden joins the small bookshelf of major, paradigm-shifting new interpretations of slavery&apos;s enduring legacy in the United States. --inside jacket.</subfield></datafield><datafield ind1='1' ind2='0' tag='600'><subfield code='a'>Vesey, Denmark,</subfield><subfield code='d'>approximately 1767-1822.</subfield></datafield><datafield ind1='2' ind2='0' tag='610'><subfield code='a'>Emanuel AME Church (Charleston, S.C.)</subfield></datafield><datafield ind1=' ' ind2='0' tag='650'><subfield code='a'>Slavery</subfield><subfield code='z'>South Carolina</subfield><subfield code='z'>Charleston</subfield><subfield code='x'>History.</subfield></datafield><datafield ind1=' ' ind2='0' tag='650'><subfield code='a'>Memory</subfield><subfield code='x'>Social aspects</subfield><subfield code='z'>South Carolina</subfield><subfield code='z'>Charleston.</subfield></datafield><datafield ind1=' ' ind2='0' tag='651'><subfield code='a'>Charleston (S.C.)</subfield><subfield code='x'>History</subfield><subfield code='y'>Slave Insurrection, 1822.</subfield></datafield><datafield ind1='1' ind2=' ' tag='700'><subfield code='a'>Roberts, Blain,</subfield><subfield code='e'>author.</subfield></datafield><datafield ind1=' ' ind2=' ' tag='979'><subfield code='a'>(OCoLC)999480271</subfield></datafield><datafield ind1=' ' ind2=' ' tag='997'><subfield code='a'>20180423</subfield><subfield code='d'>TEU</subfield><subfield code='c'>COUTTS SR</subfield><subfield code='e'>MARCIVE</subfield><subfield code='e'>WCAT</subfield></datafield><datafield ind1='0' ind2=' ' tag='HLD'><subfield code='b'>MAIN</subfield><subfield code='c'>stacks</subfield><subfield code='h'>F279.C457</subfield><subfield code='i'>K97 2018</subfield><subfield code='8'>22415206020003811</subfield></datafield><datafield ind1=' ' ind2=' ' tag='ITM'><subfield code='b'>0</subfield><subfield code='h'>0</subfield><subfield code='g'>stacks</subfield><subfield code='9'>39074026620039</subfield><subfield code='e'>stacks</subfield><subfield code='l'>0</subfield><subfield code='8'>23415206010003811</subfield><subfield code='j'>0</subfield><subfield code='a'>0</subfield><subfield code='q'>2018-04-04 19:17:18</subfield><subfield code='i'>F279.C457 K97 2018</subfield><subfield code='d'>MAIN</subfield><subfield code='r'>2018-05-01 12:29:03</subfield><subfield code='f'>MAIN</subfield></datafield></record>