
<record xmlns='http://www.loc.gov/MARC21/slim'><leader>01862nam a2200361 a 4500</leader><controlfield tag='005'>20090219175400.0</controlfield><controlfield tag='006'>m    |   d |      </controlfield><controlfield tag='007'>cr |n||||||||n</controlfield><controlfield tag='008'>090219s1822    scu|||||s|||||||| ||eng||</controlfield><controlfield tag='001'>991000204849703811</controlfield><datafield ind1=' ' ind2=' ' tag='035'><subfield code='a'>(PPT)b41677791-01tuli_inst</subfield></datafield><datafield ind1=' ' ind2=' ' tag='035'><subfield code='a'>GALEHSTR01142</subfield><subfield code='9'>ExL</subfield></datafield><datafield ind1=' ' ind2=' ' tag='040'><subfield code='a'>TGPSM</subfield><subfield code='c'>HTC</subfield></datafield><datafield ind1=' ' ind2=' ' tag='043'><subfield code='a'>n-us-sc</subfield></datafield><datafield ind1='1' ind2=' ' tag='100'><subfield code='a'>Vesey, Denmark,</subfield><subfield code='d'>ca. 1767-1822.</subfield></datafield><datafield ind1='1' ind2='3' tag='245'><subfield code='a'>An official report of the trials of sundry Negroes, charged with an attempt to raise an insurrection in the state of South Carolina, preceded by an introduction and narrative and in an appendix</subfield><subfield code='h'>[electronic resource] :</subfield><subfield code='b'>a report of the trials of four white persons, on indictments for attempting to excite the slave to insurrection / </subfield><subfield code='c'>prepared and published at the request of the court by Lionel H. Kennedy &amp; Thomas Parker.</subfield></datafield><datafield ind1=' ' ind2=' ' tag='260'><subfield code='a'>Charleston :</subfield><subfield code='b'>Printed by James R. Schenck,</subfield><subfield code='c'>1822.</subfield></datafield><datafield ind1=' ' ind2=' ' tag='300'><subfield code='a'>188, x, 4 p.</subfield></datafield><datafield ind1=' ' ind2=' ' tag='500'><subfield code='a'>Reproduction of the original from the New York City Bar.</subfield></datafield><datafield ind1=' ' ind2=' ' tag='533'><subfield code='a'>Electronic reproduction.</subfield><subfield code='b'>Farmington Hills, Mich. :</subfield><subfield code='c'>Gale, a part of Cengage Learning,</subfield><subfield code='d'>2007.</subfield><subfield code='n'>Available via the World Wide Web.</subfield><subfield code='n'>Access limited by licensing agreements.</subfield><subfield code='7'>s2007    miunns</subfield></datafield><datafield ind1='1' ind2='0' tag='600'><subfield code='a'>Vesey, Denmark,</subfield><subfield code='d'>approximately 1767-1822</subfield><subfield code='v'>Trials, litigation, etc.</subfield></datafield><datafield ind1=' ' ind2='0' tag='650'><subfield code='a'>Trials (Conspiracy)</subfield><subfield code='z'>South Carolina</subfield><subfield code='z'>Charleston.</subfield></datafield><datafield ind1=' ' ind2='0' tag='651'><subfield code='a'>Charleston (S.C.)</subfield><subfield code='x'>History</subfield><subfield code='y'>Slave Insurrection, 1822.</subfield></datafield><datafield ind1='1' ind2=' ' tag='700'><subfield code='a'>Kennedy, Lionel Henry,</subfield><subfield code='d'>1787?-1847.</subfield></datafield><datafield ind1='1' ind2=' ' tag='700'><subfield code='a'>Parker, Thomas,</subfield><subfield code='d'>d. 1844.</subfield></datafield><datafield ind1='4' ind2='0' tag='856'><subfield code='u'>http://libproxy.temple.edu/login?url=http://galenet.galegroup.com/servlet/MMLT?af=RN&amp;ae=Q4200199553&amp;srchtp=a&amp;ste=14&amp;Q=temple_main</subfield><subfield code='z'>Full text online</subfield></datafield><datafield ind1=' ' ind2=' ' tag='907'><subfield code='a'>.b41677791</subfield><subfield code='b'>w    </subfield><subfield code='c'>-</subfield></datafield><datafield ind1=' ' ind2=' ' tag='902'><subfield code='a'>130412</subfield></datafield><datafield ind1=' ' ind2=' ' tag='998'><subfield code='b'>1</subfield><subfield code='c'>100110</subfield><subfield code='d'>m</subfield><subfield code='e'>m</subfield><subfield code='f'>-</subfield><subfield code='g'>3</subfield></datafield><datafield ind1=' ' ind2=' ' tag='901'><subfield code='a'>4200199553</subfield></datafield><datafield ind1=' ' ind2=' ' tag='902'><subfield code='a'>Conspiracy.</subfield></datafield><datafield ind1=' ' ind2=' ' tag='903'><subfield code='a'>South Carolina.</subfield></datafield><datafield ind1=' ' ind2=' ' tag='904'><subfield code='a'>Vesey, Denmark, ca. 1767-1822.</subfield></datafield><datafield ind1=' ' ind2=' ' tag='905'><subfield code='a'>Criminal.</subfield></datafield><datafield ind1=' ' ind2=' ' tag='945'><subfield code='l'>w    </subfield><subfield code='g'>1</subfield></datafield><datafield ind1=' ' ind2=' ' tag='ADM'><subfield code='e'>b41677791-01tuli_inst</subfield><subfield code='d'>ILS</subfield><subfield code='a'>2017-06-20 08:50:36</subfield><subfield code='c'>false</subfield></datafield><datafield ind1=' ' ind2=' ' tag='PRT'><subfield code='a'>53372203300003811</subfield><subfield code='b'>https://sandbox01-na.alma.exlibrisgroup.com/view/uresolver/01TULI_INST/openurl?u.ignore_date_coverage=true&amp;rft.mms_id=991000204849703811</subfield><subfield code='f'>Full text online</subfield><subfield code='9'>Available</subfield><subfield code='d'>MAIN</subfield><subfield code='c'>Making of Modern Law Collection Online</subfield><subfield code='8'>53372203300003811</subfield></datafield></record>