
<record xmlns='http://www.loc.gov/MARC21/slim'><leader>01265nam a2200409   4500</leader><controlfield tag='005'>20170825205601.0</controlfield><controlfield tag='008'>950421s1972    nyu           001 1 eng  </controlfield><controlfield tag='001'>991019031969703811</controlfield><datafield ind1=' ' ind2=' ' tag='010'><subfield code='a'>75171301 //r93</subfield></datafield><datafield ind1=' ' ind2=' ' tag='035'><subfield code='a'>(PPT)b13878591-01tuli_inst</subfield></datafield><datafield ind1=' ' ind2=' ' tag='035'><subfield code='a'>(CStRLIN)ocn471375420</subfield><subfield code='9'>ExL</subfield></datafield><datafield ind1=' ' ind2=' ' tag='035'><subfield code='a'>PATG95-B24883</subfield></datafield><datafield ind1=' ' ind2=' ' tag='035'><subfield code='a'>ocm00277742</subfield></datafield><datafield ind1=' ' ind2=' ' tag='035'><subfield code='a'>(OCLC)ocm00277742</subfield></datafield><datafield ind1=' ' ind2=' ' tag='040'><subfield code='a'>DLC</subfield><subfield code='c'>DLC</subfield><subfield code='d'>DLC</subfield><subfield code='d'>PPT</subfield></datafield><datafield ind1=' ' ind2=' ' tag='079'><subfield code='a'>ocm00277742</subfield></datafield><datafield ind1=' ' ind2=' ' tag='090'><subfield code='a'>PS3561.I37G7x</subfield></datafield><datafield ind1='1' ind2=' ' tag='100'><subfield code='a'>Killens, John Oliver,</subfield><subfield code='d'>1916-1987.</subfield></datafield><datafield ind1='1' ind2='0' tag='245'><subfield code='a'>Great gittin&apos; up morning.</subfield></datafield><datafield ind1=' ' ind2=' ' tag='250'><subfield code='a'>[1st ed.]</subfield></datafield><datafield ind1=' ' ind2=' ' tag='260'><subfield code='a'>Garden City, N.Y.,</subfield><subfield code='b'>Doubleday</subfield><subfield code='c'>[1972]</subfield></datafield><datafield ind1=' ' ind2=' ' tag='300'><subfield code='a'>138 p.</subfield><subfield code='c'>22 cm.</subfield></datafield><datafield ind1=' ' ind2=' ' tag='500'><subfield code='a'>&quot;A Perspective book.&quot;</subfield></datafield><datafield ind1='1' ind2='0' tag='600'><subfield code='a'>Vesey, Denmark,</subfield><subfield code='d'>approximately 1767-1822</subfield><subfield code='v'>Fiction.</subfield></datafield><datafield ind1=' ' ind2='0' tag='650'><subfield code='a'>African Americans</subfield><subfield code='z'>South Carolina</subfield><subfield code='z'>Charleston</subfield><subfield code='x'>Fiction.</subfield></datafield><datafield ind1=' ' ind2='0' tag='650'><subfield code='a'>Abolitionists</subfield><subfield code='z'>South Carolina</subfield><subfield code='z'>Charleston</subfield><subfield code='x'>Fiction.</subfield></datafield><datafield ind1=' ' ind2=' ' tag='902'><subfield code='a'>160212</subfield></datafield><datafield ind1=' ' ind2=' ' tag='907'><subfield code='a'>.b13878591</subfield><subfield code='b'>multi</subfield><subfield code='c'>-</subfield></datafield><datafield ind1=' ' ind2=' ' tag='935'><subfield code='a'>00415488</subfield></datafield><datafield ind1=' ' ind2=' ' tag='945'><subfield code='l'>kstk </subfield><subfield code='g'>1</subfield></datafield><datafield ind1=' ' ind2=' ' tag='945'><subfield code='l'>kstk </subfield><subfield code='g'>1</subfield></datafield><datafield ind1=' ' ind2=' ' tag='945'><subfield code='l'>pstk </subfield><subfield code='g'>1</subfield></datafield><datafield ind1=' ' ind2=' ' tag='950'><subfield code='l'>P</subfield><subfield code='i'>04/21/95 N</subfield></datafield><datafield ind1=' ' ind2=' ' tag='955'><subfield code='l'>P</subfield><subfield code='c'>0</subfield><subfield code='i'>04/21/95 C</subfield></datafield><datafield ind1=' ' ind2=' ' tag='979'><subfield code='a'>ocm00277742</subfield></datafield><datafield ind1=' ' ind2=' ' tag='998'><subfield code='b'>3</subfield><subfield code='c'>990101</subfield><subfield code='d'>m</subfield><subfield code='e'>a</subfield><subfield code='f'>-</subfield><subfield code='g'>0</subfield></datafield><datafield ind1=' ' ind2=' ' tag='998'><subfield code='a'>04/21/95</subfield><subfield code='t'>c</subfield><subfield code='s'>9110</subfield><subfield code='l'>PATG</subfield><subfield code='n'>PPT</subfield><subfield code='w'>NYPG764017173B</subfield><subfield code='d'>04/21/95</subfield><subfield code='c'>RM</subfield><subfield code='b'>RM</subfield><subfield code='i'>950421</subfield></datafield><datafield ind1=' ' ind2=' ' tag='ADM'><subfield code='b'>2018-03-15 22:55:14</subfield><subfield code='e'>b13878591-01tuli_inst</subfield><subfield code='d'>ILS</subfield><subfield code='a'>2017-06-20 08:01:32</subfield><subfield code='c'>false</subfield></datafield><datafield ind1='0' ind2=' ' tag='HLD'><subfield code='b'>KARDON</subfield><subfield code='c'>p_remote</subfield><subfield code='h'>PS3561.I37G7x</subfield><subfield code='8'>22276239200003811</subfield></datafield><datafield ind1='0' ind2=' ' tag='HLD'><subfield code='b'>MAIN</subfield><subfield code='c'>stacks</subfield><subfield code='h'>PS3561.I37G7x</subfield><subfield code='8'>22276239170003811</subfield></datafield><datafield ind1=' ' ind2=' ' tag='ITM'><subfield code='r'>22276239200003811</subfield><subfield code='b'>1</subfield><subfield code='h'>0</subfield><subfield code='g'>p_remote</subfield><subfield code='t'>BOOK</subfield><subfield code='9'>39074002695427</subfield><subfield code='e'>p_remote</subfield><subfield code='8'>23276239190003811</subfield><subfield code='a'>0</subfield><subfield code='q'>2017-06-20 08:01:32</subfield><subfield code='i'>PS3561.I37G7x</subfield><subfield code='d'>KARDON</subfield><subfield code='f'>KARDON</subfield></datafield><datafield ind1=' ' ind2=' ' tag='ITM'><subfield code='r'>22276239170003811</subfield><subfield code='b'>1</subfield><subfield code='h'>0</subfield><subfield code='g'>stacks</subfield><subfield code='t'>BOOK</subfield><subfield code='9'>39074002712750</subfield><subfield code='e'>stacks</subfield><subfield code='8'>23276239160003811</subfield><subfield code='a'>0</subfield><subfield code='q'>2017-06-20 08:01:32</subfield><subfield code='i'>PS3561.I37G7x</subfield><subfield code='d'>MAIN</subfield><subfield code='f'>MAIN</subfield></datafield><datafield ind1=' ' ind2=' ' tag='ITM'><subfield code='r'>22276239200003811</subfield><subfield code='b'>1</subfield><subfield code='h'>0</subfield><subfield code='g'>p_remote</subfield><subfield code='t'>BOOK</subfield><subfield code='9'>39074001034347</subfield><subfield code='e'>p_remote</subfield><subfield code='8'>23276239180003811</subfield><subfield code='a'>0</subfield><subfield code='q'>2017-06-20 08:01:32</subfield><subfield code='i'>PS3561.I37G7x</subfield><subfield code='d'>KARDON</subfield><subfield code='f'>KARDON</subfield></datafield></record>