
<record xmlns='http://www.loc.gov/MARC21/slim'><leader>01760nam a2200457 a 4500</leader><controlfield tag='005'>20170825182032.0</controlfield><controlfield tag='008'>010123s1822    scu           000 0 eng d</controlfield><controlfield tag='001'>991014003809703811</controlfield><datafield ind1=' ' ind2=' ' tag='010'><subfield code='a'>05040519</subfield></datafield><datafield ind1=' ' ind2=' ' tag='035'><subfield code='a'>(PPT)b21649078-01tuli_inst</subfield></datafield><datafield ind1=' ' ind2=' ' tag='035'><subfield code='a'>(CStRLIN)ocn486837866</subfield><subfield code='9'>ExL</subfield></datafield><datafield ind1=' ' ind2=' ' tag='035'><subfield code='a'>PATW01-B24</subfield></datafield><datafield ind1=' ' ind2=' ' tag='035'><subfield code='a'>ocm06406544</subfield></datafield><datafield ind1=' ' ind2=' ' tag='035'><subfield code='a'>(OCLC)ocm06406544</subfield></datafield><datafield ind1=' ' ind2=' ' tag='040'><subfield code='a'>DLC</subfield><subfield code='c'>MHi</subfield><subfield code='d'>MHi</subfield><subfield code='d'>OCoLC</subfield><subfield code='d'>DLC</subfield><subfield code='d'>PPT-B</subfield></datafield><datafield ind1=' ' ind2=' ' tag='079'><subfield code='a'>ocm06406544</subfield></datafield><datafield ind1=' ' ind2=' ' tag='090'><subfield code='a'>F279.C47</subfield><subfield code='b'>A3x 1822</subfield></datafield><datafield ind1='1' ind2=' ' tag='110'><subfield code='a'>Charleston (S.C.)</subfield></datafield><datafield ind1='1' ind2='3' tag='245'><subfield code='a'>An account of the late intended insurrection among a portion of the blacks of this city.</subfield><subfield code='b'>Published by the authority of the Corporation of Charleston.</subfield></datafield><datafield ind1=' ' ind2=' ' tag='260'><subfield code='a'>Charleston [S.C.] :</subfield><subfield code='b'>Printed by A. E. Miller,</subfield><subfield code='c'>1822.</subfield></datafield><datafield ind1=' ' ind2=' ' tag='300'><subfield code='a'>[3], 4-48 p. ;</subfield><subfield code='c'>22cm.</subfield></datafield><datafield ind1=' ' ind2=' ' tag='500'><subfield code='a'>Prepared by James Hamilton, Jr., intendant (mayor) of the city, at the request of the City Council.</subfield></datafield><datafield ind1=' ' ind2=' ' tag='500'><subfield code='a'>The proposed insurrection was headed by Telemaque or &quot;Denmark&quot; Vesey.</subfield></datafield><datafield ind1=' ' ind2=' ' tag='500'><subfield code='a'>Shoemaker 8315</subfield></datafield><datafield ind1=' ' ind2=' ' tag='500'><subfield code='a'>Sabin 12031</subfield></datafield><datafield ind1='1' ind2='0' tag='600'><subfield code='a'>Vesey, Denmark,</subfield><subfield code='d'>approximately 1767-1822.</subfield></datafield><datafield ind1=' ' ind2='0' tag='651'><subfield code='a'>Charleston (S.C.)</subfield><subfield code='x'>History</subfield><subfield code='y'>Slave Insurrection, 1822.</subfield></datafield><datafield ind1=' ' ind2='0' tag='650'><subfield code='a'>African Americans</subfield><subfield code='z'>South Carolina.</subfield></datafield><datafield ind1=' ' ind2='0' tag='650'><subfield code='a'>Slave insurrections</subfield><subfield code='z'>United States.</subfield></datafield><datafield ind1=' ' ind2='0' tag='650'><subfield code='a'>Slavery</subfield><subfield code='z'>South Carolina.</subfield></datafield><datafield ind1='1' ind2=' ' tag='700'><subfield code='a'>Hamilton, James,</subfield><subfield code='d'>1786-1857.</subfield></datafield><datafield ind1='1' ind2=' ' tag='710'><subfield code='a'>Charleston (S.C.).</subfield><subfield code='b'>City Council.</subfield></datafield><datafield ind1=' ' ind2='1' tag='901'><subfield code='l'>b</subfield><subfield code='a'>F279.C47</subfield><subfield code='b'>A3x 1822</subfield><subfield code='s'>o</subfield><subfield code='t'>6</subfield><subfield code='n'>pamphlet</subfield><subfield code='z'>090</subfield></datafield><datafield ind1=' ' ind2=' ' tag='902'><subfield code='a'>130315</subfield></datafield><datafield ind1=' ' ind2=' ' tag='907'><subfield code='a'>.b21649078</subfield><subfield code='b'>b    </subfield><subfield code='c'>-</subfield></datafield><datafield ind1=' ' ind2=' ' tag='945'><subfield code='l'>b    </subfield><subfield code='g'>1</subfield></datafield><datafield ind1=' ' ind2=' ' tag='950'><subfield code='l'>BLOC</subfield><subfield code='i'>01/23/01 C</subfield></datafield><datafield ind1=' ' ind2=' ' tag='955'><subfield code='l'>BLOC</subfield><subfield code='c'>1</subfield><subfield code='s'>rare pamphlet.</subfield><subfield code='i'>01/23/01 C</subfield></datafield><datafield ind1=' ' ind2=' ' tag='979'><subfield code='a'>ocm06406544</subfield></datafield><datafield ind1=' ' ind2=' ' tag='998'><subfield code='b'>1</subfield><subfield code='c'>010130</subfield><subfield code='d'>m</subfield><subfield code='e'>a</subfield><subfield code='f'>-</subfield><subfield code='g'>3</subfield></datafield><datafield ind1=' ' ind2=' ' tag='998'><subfield code='a'>01/23/01</subfield><subfield code='t'>c</subfield><subfield code='s'>9110</subfield><subfield code='l'>PATW</subfield><subfield code='n'>PPT-B</subfield><subfield code='w'>NYHR88B395</subfield><subfield code='d'>01/23/01</subfield><subfield code='c'>AB </subfield><subfield code='b'>MJ</subfield></datafield><datafield ind1=' ' ind2=' ' tag='ADM'><subfield code='b'>2017-08-25 22:20:32</subfield><subfield code='e'>b21649078-01tuli_inst</subfield><subfield code='d'>ILS</subfield><subfield code='a'>2017-06-20 08:16:57</subfield><subfield code='c'>false</subfield></datafield><datafield ind1='0' ind2=' ' tag='HLD'><subfield code='b'>BLOCKSON</subfield><subfield code='c'>rarestacks</subfield><subfield code='h'>F279.C47</subfield><subfield code='i'>A3x 1822</subfield><subfield code='8'>22279935670003811</subfield></datafield><datafield ind1=' ' ind2=' ' tag='ITM'><subfield code='r'>22279935670003811</subfield><subfield code='b'>1</subfield><subfield code='h'>0</subfield><subfield code='g'>rarestacks</subfield><subfield code='t'>BOOK</subfield><subfield code='e'>rarestacks</subfield><subfield code='8'>23279935660003811</subfield><subfield code='a'>4</subfield><subfield code='q'>2017-06-20 08:16:57</subfield><subfield code='i'>F279.C47 A3x 1822</subfield><subfield code='d'>BLOCKSON</subfield><subfield code='f'>BLOCKSON</subfield></datafield></record>