
<record xmlns='http://www.loc.gov/MARC21/slim'><leader>58107nam a2201693 a 4500</leader><controlfield tag='005'>20090626170500.0</controlfield><controlfield tag='006'>m    |   d |      </controlfield><controlfield tag='007'>cr |n||||||||n</controlfield><controlfield tag='008'>090626s1802    enk|||||s|||||||| ||eng||</controlfield><controlfield tag='001'>991000344659703811</controlfield><datafield ind1=' ' ind2=' ' tag='035'><subfield code='a'>(PPT)b41703649-01tuli_inst</subfield></datafield><datafield ind1=' ' ind2=' ' tag='035'><subfield code='a'>GALEHSTR03885</subfield><subfield code='9'>ExL</subfield></datafield><datafield ind1=' ' ind2=' ' tag='040'><subfield code='a'>TGPSM</subfield><subfield code='c'>HTC</subfield></datafield><datafield ind1=' ' ind2=' ' tag='043'><subfield code='a'>e-uk---</subfield></datafield><datafield ind1='1' ind2=' ' tag='100'><subfield code='a'>Wolff, Jens,</subfield><subfield code='e'>appellant.</subfield></datafield><datafield ind1='1' ind2='0' tag='245'><subfield code='a'>Before the Most Noble and Right Honourable the Lords Commissioners of Appeals in Prize Causes, the industry, Peter Rundsten, master, an appeal from Gibraltar, Jens Wolff, of London, Esquire, claimant of the cargo, on behalf of J.C. Schultz, of Altona, merchant, a subject of His Majesty the King of Denmark, the sole owner thereof, appellant, Thomas Hardy, Esq., commander of His Majesty&apos;s Sloop Mutine, the captor and James Heseltine, Esq., His Majesty&apos;s procurator general, respondents </subfield><subfield code='h'>[electronic resource] : </subfield><subfield code='b'>the appellant&apos;s case.</subfield></datafield><datafield ind1='3' ind2=' ' tag='246'><subfield code='a'>Jens Wolff, of London, Esquire, claimant of the cargo, on behalf of J.C. Schultz, of Altona, merchant, a subject of His Majesty the King of Denmark, the sole owner thereof, appellant, Thomas Hardy, Esq., commander of His Majesty&apos;s Sloop Mutine, the captor and James Heseltine, Esq., His Majesty&apos;s procurator general, respondents</subfield></datafield><datafield ind1=' ' ind2=' ' tag='260'><subfield code='a'>[London] :</subfield><subfield code='b'>Printed by J. Wright,</subfield><subfield code='c'>[1802]</subfield></datafield><datafield ind1=' ' ind2=' ' tag='300'><subfield code='a'>2 p. :</subfield><subfield code='b'>charts.</subfield></datafield><datafield ind1=' ' ind2=' ' tag='500'><subfield code='a'>Title from caption.</subfield></datafield><datafield ind1=' ' ind2=' ' tag='500'><subfield code='a'>&quot;To be heard before their lordships at the Council Chamber, Whitehall, on [actual number not printed or supplied], the day of 1802.&quot;-- Cf. docket title.</subfield></datafield><datafield ind1=' ' ind2=' ' tag='500'><subfield code='a'>Reproduction of the original from Harvard Law School Library.</subfield></datafield><datafield ind1=' ' ind2=' ' tag='501'><subfield code='a'>With: Before the Most Noble and Right Honourable the Lords Commissioners of Appeals in Prize Causes, the Industry, Petter Rundsten, master, (an appeal from Gibraltar.) : joint appendix. [London] : Printed by J. Wright, 1798?].</subfield></datafield><datafield ind1=' ' ind2=' ' tag='501'><subfield code='a'>With: Before the Most Noble and Right Honourable the Lords Commissioners of Appeals in Prize Causes, the Brig Falmouth, James Tracey, master, act on petition in objection to the registrar&apos;s report, Bayford, proctor for the captors, slade, proctor for the claimant. [London : Keating, Brown and Co., Printers, [1798?].</subfield></datafield><datafield ind1=' ' ind2=' ' tag='501'><subfield code='a'>With: Before the Most Noble and Right Honourable the Lords Commissioners of Appeals in Prize Causes, Falmouth, Tracey, master, attestation of Edward Goodrich, Bayford, proctor. [London] : Printed by A. Strahan, [1798?].</subfield></datafield><datafield ind1=' ' ind2=' ' tag='501'><subfield code='a'>With: Before the Most Noble and Right Honourable the Lords Commissioners of Appeals in Prize Causes, (an appeal from the Vice-admiralty court of the island of Jamaica.) the friendship, Peter Nagel, master, Peter Nagel, the Master and Claimant of certain goods, part of the Cargo, and of freight for the remainder thereof, on behalf of George Simon Dede of Altona, Merchant, a subject of His Majesty the king of Denmark, the sole owner of the Ship, and Messrs. Levien Woolf and Levien of Kingston in the Island of Jamaica, Merchants, claimants of the remainder of the Cargo, on behalf of Charles Louis, Thierry of Hamburgh, merchant, the asserted sole owner and proprietor thereof, appellants, against Robert Philpot Esquire, commander of His Majesty&apos;s Ship of War Pelican, the captor of the said Ship and Cargo and James Heseltine Esquire, His Majesty&apos;s procurator-general, respondents : case on behalf of the respondents. [London] : Printed by a. Strahan, [1798?].</subfield></datafield><datafield ind1=' ' ind2=' ' tag='501'><subfield code='a'>With: Before the Most Noble and Right Honourable the Lords Commissioners of Appeals in Prize Causes, the friendship, Peter Nagel, master, (an appeal from Jamaica.) : joint appendix. [London] : Printed by W. Wilson, [1798?].</subfield></datafield><datafield ind1=' ' ind2=' ' tag='501'><subfield code='a'>With: Before the Most Noble and Right Honourable the Lords Commissioners of Appeals in Prize Causes, (an appeal from the vice-admiralty Court of Martinique.) nra. sra. del miseracordia, otherwise Madonna Della Miseracordia, Vincenzo PellerAno, master, Edward Steerling Dickson Esquire, commander of His Majesty&apos;s sloop of War la Victorieuse, the captor of the said ship and cargo and James Heseltine Esquire, His Majesty&apos;s procurator general, appellants, against Guiseppe Camusso, describing himself a subject of the Republic of Genoa, Claimant of the cargo of the said ship as his own property, respondent : case on behalf of The AppellAnts. to be heard before Their lordShips at The cockpit, whitehall, on The day of 1803. Heseltine, King&apos;s proctor. [London] : Printed by A. Strahan, [1798?].</subfield></datafield><datafield ind1=' ' ind2=' ' tag='501'><subfield code='a'>With: Before the Most Noble and Right Honourable the Lords Commissioners of Appeals in Prize Causes, (an appeal from the vice-admiralty Court of Martinique.) nra. sra. del miseracordia, otherwise Madonna Della Miseracordia, Vincenzo PellerAno, master : appendix. [London] : Printed by A. Strahan, [1798?].</subfield></datafield><datafield ind1=' ' ind2=' ' tag='501'><subfield code='a'>With: Before the Most Noble and Right Honourable the Lords Commissioners of Appeals in Prize Causes, the Schoonerlaura, Peter Pond, master, an appeal from Montserrat, Samuel Bayard, Esquire, the agent appointed by the Government of the United States of America to prosecute claims and appeals in prize causes, claimant of the said ship and cargo on behalf of messieurs coggeshall and durand of Newhaven, in the state of Connecticut, and of the private adventures on behalf of the officers and crew belonging to the said schooner, all citizens of the said United States, the true, lawful, and sole owners and proprictors thereof, claimant and appellant, against Robert Bonsall, commander of the private ship of war Mary, and Thomas Goodall, commander of the private ship of war Jonah, captors and respondents : case on behalf of the claimant and appellant. [London] : Keating, Brown and Keating, Printers, [1798?].</subfield></datafield><datafield ind1=' ' ind2=' ' tag='501'><subfield code='a'>With: Before the Most Noble and Right Honourable the Lords Commissioners of Appeals in Prize Causes, Schoonerlaura, Peter Pond, master : an appeal from Montserrat : joint appendix. [London] : Keating, Brown and Keating, Printers, [1798?].</subfield></datafield><datafield ind1=' ' ind2=' ' tag='501'><subfield code='a'>With: Before the Most Noble and Right Honourable the Lords Commissioners of Appeals in Prize Causes, the Schooner Laura, Peter Pond, master : an appeal from the vice-admiralty Court of Montserrat : additional appendix. [London] : Keating, Brown and Keating, Printers, [1798?].</subfield></datafield><datafield ind1=' ' ind2=' ' tag='501'><subfield code='a'>With: Before the Most Noble and Right Honourable the Lords Commissioners of Appeals in Prize Causes, (an appeal from New Providence.) Betsey, Andrew tuttle, master, Andrew tuttle, the master and claimant of the said ship, her tackle, apparel, and furniture, on behalf of and as the true, lawful, and sole property of Richard Denniss, of the city of Charleston, merchant, a citizen of the United States of America, and of the cargo on behalf of and as the true, lawful, and sole property of the said Richard Denniss, and of Benjamin Booth and Charles Reilly, also of the said city of Charleston, merchants and citizens of the said United States of America, and also claimant of his own private adventure, consisting of butter, cheese, raisins, porter, nails, choes, and hardware, appellant, against William Gibson, commander of the private ship of war Mentor, and Daniel Wheeler, commander of the private ship of war plover, the captors of the said ship and cargo, respondents : case on behalf of the appellant. [London] : Printed by A. Strahan, [1798?].</subfield></datafield><datafield ind1=' ' ind2=' ' tag='501'><subfield code='a'>With: Before the Most Noble and Right Honourable the Lords Commissioners of Appeals in Prize Causes, (an appeal from the vice-admiralty court of new providence.) the Betsey, Andrew Tuttle, master, Andrew Tuttle the master and Claimant of the said ship, on behalf of Richard Denniss of Charleston, merchant and of the cargo, on behalf of the said Richard Denniss, Benjamin Booth, and Charles Reilly, of the same place, merchants, citizens of the United States of America, the asserted sole owners and proprietors thereof together with costs and damages for the capture of the same, against appellant, against William Gibson commander of the private Ship of war Mentor, and Daniel Wheeler commander of the private Ship of war plover, the captors of the said ship and cargo : respondents case on behalf of the respondents. [London] : Printed by A. Strahan, [1798?].</subfield></datafield><datafield ind1=' ' ind2=' ' tag='501'><subfield code='a'>With: Before the Most Noble and Right Honourable the Lords Commissioners of Appeals in Prize Causes, (an appeal from the vice-admiralty court of new providence.) Betsey, Andrew Tuttle, master : appendix. [London] : Printed by A. Strahan, [1798?].</subfield></datafield><datafield ind1=' ' ind2=' ' tag='501'><subfield code='a'>With: Before the Most Noble and Right Honourable the Lords Commissioners of Appeals in Prize Causes : Betsey, Andrew Tuttle, master, additional appendix, account of sales extracted from the process. London : Printed by A. Strahan, [1802].</subfield></datafield><datafield ind1=' ' ind2=' ' tag='501'><subfield code='a'>With: Before the Most Noble and Right Honourable the Lords Commissioners of Appeals in Prize Causes : Nossa Senhora da Penha da Franca San Pedro de Rates e Fama, Francisco Antonio, master, Francisco Antonio, the master and claimant of the said vessel and cargo, as Portuguese property, appellant, Christopher Parker, esq., commander, of His Majesty&apos;s ship of war Blanche and Edwards, esq., commander of His Majesty&apos;s ship of war Terpsichore, the captors and James Heseltine, esq., His Majesty&apos;s procurator-general, respondent : on an appeal from the Vice-Admiralty Court of Dominica : appellant&apos;s case. London : Brooke, printer, [1803].</subfield></datafield><datafield ind1=' ' ind2=' ' tag='501'><subfield code='a'>With: Before the Most Noble and Right Honourable the Lords Commissioners of Appeals in Prize Causes : appeal from Dominica, Noffa Senhora da Penha da Franca San Pedro de Rates e Fama, Francisco Antonio, master, appendix. [London] : Brooke, printer, [1803].</subfield></datafield><datafield ind1=' ' ind2=' ' tag='501'><subfield code='a'>With: Before the Most Noble and Right Honourable the Lords Commissioners of Appeals in Prize Causes : the Falck, M.J. Falck, master, an appeal from Jamaica, Joseph Levien, of Kingston, in the island of jamaica, merchant, claimant of the cargo laden on board the said ship on behalf of Messrs. J. De Chapeaurouge and Co., burghers and inhabitants of the free and imperial city of Hamburgh, the true, lawful and sole owners and proprictors thereof, claimant and appellant against William Gordon Rutherford, Esquire, commander of His Majesty&apos;s ship of war Brunswick and James Heseltine, Esquire, His Majesty&apos;s procurator-general, captor and respondent : case on behalf of the claimant and appellant. [London] : Keatting, Brown and Keating, Printers, [1803].</subfield></datafield><datafield ind1=' ' ind2=' ' tag='501'><subfield code='a'>With: Before the Most Noble and Right Honourable the Lords Commissioners of Appeals in Prize Causes : (an appeal from the Court of Vice-Admiralty of the island of Jamaica), Falck, Mathies Jensen Falck, master, Joseph Levien, claimant of the cargo laden on board the said ship, on behalf of Jacob de Chapeaurouge and Co., of the city of Hamburgh, merchants, the asserted sole owners and proprietors thereof, appellant, against William Gordon Rutherford Esquire, commander of His Majesty&apos;s ship of war Brunswick, the captor of the said ship and cargo and James Heseltine, Esquire, His Majesty&apos;s procurator general, respondents : case on behalf of the respondents : to be heard before their lordships at the Cockpit, Whitehall, on the day of 1802. London : Printed by A. Strahan, [1803].</subfield></datafield><datafield ind1=' ' ind2=' ' tag='501'><subfield code='a'>With: Before the Most Noble and Right Honourable the Lords Commissioners of Appeals in Prize Causes : the brig Falck, Matthias Jensen Falck, master, an appeal from Jamaica, joint appendix. [London] : Keating, Brown and Keating, printers, [1803].</subfield></datafield><datafield ind1=' ' ind2=' ' tag='501'><subfield code='a'>With: Before the Most Noble and Right Honourable the Lords Commissioners of Appeals in Prize Causes : the schooner Aquidita, Juan Josef Gonzales, master, appeal of Samuel Bayheir, the claimant, the said Samuel Bayheir, a subject of His Most Catholic Majesty the King of Spain, the claimant of fundry goods, mentioned in the invoice marked b, his adventure, laden and on board the said ship at the time of the capture thereof, by His Majesty&apos;s ship of war la legere, Cornelius Quinton, Esq., commander and carried to the island of Jamaica, appellant, against Our Sovereign Lord the King and the said Cornelius Quinton, Esq., the captor respondents : appeal of the captor from the restitution of the schooner and cargo, Our Sovereign Lord the King and the said Cornelius Quinton, Esq., the captor appellants against the said Samuel Bayheir, the claimant of the said ship and cargo laden therein respondent : case on behalf of the said Samuel Bayheir, the claimant. [London : s.n., 1803].</subfield></datafield><datafield ind1=' ' ind2=' ' tag='501'><subfield code='a'>With: Before the Most Noble and Right Honourable the Lords Commissioners for Appeals in Prize Causes : the schooner Aquidita Juan Josef Gonzales, master appeal of Samuel Bayheir, the claimant the said Samuel Bayheir, a subject of His Most Catholic Majesty the King of Spain, the claimant of sundry goods mentioned in the invoice marked, his adventure, laden and on board the said ship at the time of the capture thereof, by His Majesty&apos;s ship of war la legere, Cornelius Quinton, Esq., commander and carried to the Island of Jamaica appellant against Our Sovereign Lord the King and the said Cornelius Quinton, Esq., the captor respondents : appeal of the captor, from the restitution of the schooner and cargo, Our Sovereign Lord the King and the said Cornelius Quinton, Esq., the captor appellants against the said Samuel Bayheir, the claimant of the said ship and cargo laden therein respondent, case on behalf of the said Samuel Bayheir, the claimant. [London : s.n., 1803].</subfield></datafield><datafield ind1=' ' ind2=' ' tag='501'><subfield code='a'>With: Before the Most Noble and Right Honourable the Lords Commissioners of Appeals in Prize Causes : (an appeal from the Vice-Admiralty Court of the Island of Jamaica) Aquidita, Juan Joseph Gonzales, master, Samuel Bayheir, describing himself as a subject of His Most Catholic Majesty the King of Spain, the supercargo and claimant of the whole cargo, on behalf of Lewis Belthrand Gonett, a subject of his said Catholic Majesty, against appellant, Cornelius Quinton Esquire, commander of His Majesty&apos;s sloop of war La Legere, the captor, and James Heseltine Esquire, His Majesty&apos;s procurator-general, respondents : case on behalf of the respondents. [London : s.n., 1803].</subfield></datafield><datafield ind1=' ' ind2=' ' tag='501'><subfield code='a'>With: Before the Most Noble and Right Honourable the Lords Commissioners for Appeals in Prize Causes : Aquidita, Juan Josef Gonzales, master joint appendix. [London] : G. Woodfall, printer, [1803].</subfield></datafield><datafield ind1=' ' ind2=' ' tag='501'><subfield code='a'>With: Before the Most Noble and Right Honourable the Lords Commissioners of Appeals in Prize Causes : (an appeal from the Vice-Admiralty Court of the Island of Jamaica), Le Genereux, Martin Welbroek, master Benjamin waterhouse, of the island of Jamica, Esquire, claimant of the said ship and cargo, as agent for and on behalf of His Majesty&apos;s sloop of war musquito, (James Bennet Esquire, commander) the actual captor and James Heseltine Esquire, His Majesty&apos;s procurator general, appellants against James Harding Esquire, commander of the private ship of war Jack Shaw, the asserted captor of the said ship and cargo, respondent : case on behalf of the appellants. [London : s.n., 1803].</subfield></datafield><datafield ind1=' ' ind2=' ' tag='501'><subfield code='a'>With: Before the Most Noble and Right Honourable the Lords Commissioners of Appeals in Prize Causes : le Genereux, Martin Welbrock, master, Benjamin Waterhouse, Esq., claimant of the above-named prize, on behalf of of James Bennett, Esq., of His Majesty&apos;s ship of war Musquits, appellant against James Harding, commander of the private ship of war Jack Shaw, the actual captor of said ship and cargo respondent : an appeal from the Vice-Admiralty Court of Jamaica : respondent&apos;s case. [London : s.n., 1803].</subfield></datafield><datafield ind1=' ' ind2=' ' tag='501'><subfield code='a'>With: Before the Most Noble and Right Honourable the Lords Commissioners of Appeals in Prize Causes : (an appeal from the Vice-Admiralty Court the island of Jamaica le Genereux, Martin Welbroek, master : appendix [London] : Printed by a Strahan, [180-].</subfield></datafield><datafield ind1=' ' ind2=' ' tag='501'><subfield code='a'>With: Before the Most Noble and Right Honourable the Lords Commissioners of Appeals in Prize Causes : an appeal from Jamaica, the Ariel, Daniel Dashiel, master, Alexis Julius Meedy, the chief mate, claimant of the said Brig, her tackle apparel, and furniture, and the goods, wares and merchandizes, therein laden, on behalf of John M&apos; Fadon, Richard Lawson, and John F. Kennedy, of Baltimore, merchants, respectively citizens of the United States of America, the true, lawful, sole owners and proprietors thereof, and Temple Hardy, Esquire commander of His Majesty&apos;s Ship of War Thunderer William Parker, Esquire commander of His Majesty&apos;s Ship of War la volage, John Ferrier, Esquire commander of His Majesty&apos;s Ship of War York, and Ross Donnelly, Esquire, commander of His Majesty&apos;s Ship of War Maidstone, the captors of the said ship and cargo : respondent case on behalf of the appellant. [London : s.n., 180-].</subfield></datafield><datafield ind1=' ' ind2=' ' tag='501'><subfield code='a'>With: Before the Most Noble and Right Honourable the Lords Commissioners of Appeals in Prize Causes : (an appeal from the Vice-Admiralty Court of the island of Jamaica), the Ariel, Daniel Ashiel, master, Alexander Julius Moody the Mate, and claimant of the said ship and cargo, on behalf of John M&apos; Fadon, Richard Lawson and John F. Kennedy, of the town of Baltimore merchants, citizens of the United States of America, and of sundry goods as his own property, appellant against Temple Hardy Esquire, commander of His Majesty&apos;s Ship of War Volage, John Ferier Esquire, commander of His Majesty&apos;s ship of War York and Ross Donnelly Esquire, commander of His Majesty&apos;s Ship of War Maidstone, the captors of the said ship and cargo, and James Heseltine Esquire, His Majesty&apos;s procurator-general, respondents. [London : s.n., 180-].</subfield></datafield><datafield ind1=' ' ind2=' ' tag='501'><subfield code='a'>With: Before the Most Noble and Right Honourable the Lords Commissioners of Appeals in Prize Causes : an appeal from Jamaica. the Ariel, Daniel Dashiel, master : appendix. London : John Rhynd, printer, [180-].</subfield></datafield><datafield ind1=' ' ind2=' ' tag='501'><subfield code='a'>With: Before the Most Noble and Right Honourable the Lords Commissioners of Appeals in Prize Causes : an appeal from Jamaica, the Ariel, Daniel Dashiel, master : additional appendix. London : Rhynd, printer, [180-].</subfield></datafield><datafield ind1=' ' ind2=' ' tag='501'><subfield code='a'>With: Before the Most Noble and Right Honourable the Lords Commissioners of Appeals in Prize Causes : Rendsborg, George M call, the actual master, Niels Nyburg, the pretended master, the Faild Niels Nyburg the claimant of the said ship, her tackle, apparel, and furniture, and of the goods, wares, merchardizes and private adventure laden therein, appellant, against George Gostling, Esq., His Majesty&apos;s procurator general in his office of Admiralty : respondent case on behalf of His Majesty, in his office of Admiralty. [London : s.n., 180-].</subfield></datafield><datafield ind1=' ' ind2=' ' tag='501'><subfield code='a'>With: Before the Most Noble and Right Honourable the Lords Commissioners of Appeals in Prize Causes : Rendsburg, Niels Nyburg, master : appendix to the cases of the appellant and respondent. London : J. Adlaed, printer, [180-].</subfield></datafield><datafield ind1=' ' ind2=' ' tag='501'><subfield code='a'>With: Before the Most Noble and Right Honourable the Lords Commissioners of Appeals in Prize Causes : the Trontheime Prove, Simon Marcus Rhode, master : an appeal from Jamaica, Iiaac Mendes Pereira, of Kingston, in the island of Jamaica, claimant of the cargo laden on board the said ship on behalf of Mellieurs de Chapeaurouge and Company, burghers and inhabitants of the free and imperial city of Hamburgh, the true lawful, and oweners and proprictors there of, claimant and appellant againgt William Gordon Rutherford, Esquire, commander of His Majesty&apos;s Ship of War Abergavenny and James Heletinem Esq., His Majesty&apos;s procurator general, captor and respondent and William Gordon Rutherford, commander of His Majesty&apos;s Ship of War Abergavenny, captor and Appellant against Simon Marcus Rhode, the master of the said brig, and claimant of freight demurrage and expences, claimant and respondent case on behalf of the claimant and appellant. London : Keating, Brown, and Co., Printers, [180-].</subfield></datafield><datafield ind1=' ' ind2=' ' tag='501'><subfield code='a'>With: Before the Most Noble and Right Honourable the Lords Commissioners of Appeals in Prize Causes : (an appeal from the Vice-Admiralty Court of the island of Jamaica), Trontheim Prove, Simon Marcus Rhode, master, appeal of the claimant, Isaac Mendes Pereira Junior, of the island of Jamaica, claimant of the cargo of the said ship on behalf of Johannes Dechapeaurouge, Cornelius Wilhelm dc Chapeaurouge, and Johan Henrick Boue of the free imperial city of Hamburgh merchants, trading under the firm of Chapeaurouge and Co., the asserted sole owners and proprietors thereof, appellant against William Gordon Rutherford Esquire, commander of His Majesty&apos;s ship of War Brunswick, the captor of the said ship and cargo and James Hefeltine Esquire, His Majesty&apos;s procurator general, appeal on behalf of the captors Our Sovereign Lord the King, and the said James Heseltine Esquire, appellants against the said Simon Marcus Rhode, the master and claimant of freight on behalf of Hans Knutzon of Trontheim in Norway, a subject of His Majesty the King of Denmark, the owner of the said Ship, respondent case on behalf of the captors. [London : s.n., 180-].</subfield></datafield><datafield ind1=' ' ind2=' ' tag='501'><subfield code='a'>With: Before the Most Noble and Right Honourable the Lords Commissioners of Appeals in Prize Causes : the Trontheim Prove Simon Marcus Rhode, master an appeal from Jamaica joint appendix Heseltin, king&apos;s proctor for the respondent slade, proctor for the appellant. [London : s.n., 180-].</subfield></datafield><datafield ind1=' ' ind2=' ' tag='501'><subfield code='a'>With: Before the Most Noble and Right Honourable the Lords Commissioners of Appeals in Prize Causes : the Pegasus Joseph Conckling, master : an appeal from Bermuda : the said Joseph Conckling, claimant of the said ship, her tackle apparel, and furniture, and the cargo laden on board the same, on behalf of himself the claimant and of Messrs. Townsend and Franklin, all of new and citizens of the United States of America, the true, lawful, and sole owenrs and proprietors thereof, also claimant of their private adventures, claimant and appellant against Robert Hall, Esquire, commander of His Majesty&apos;s Ship of war Lynx. and James Heseltine, Esq., His Majesty&apos;s procurator general captor and respondent : case on behalf of the claimant and appellant. [London : s.n., 1802].</subfield></datafield><datafield ind1=' ' ind2=' ' tag='501'><subfield code='a'>With: Before the Most Noble and Right Honourable the Lords Commissioners of Appeals in Prize Causes : (an appeal from the Vice-Admiralty Court of the Island of Bermuda) : the Pegasus, Joseph Conckling, master : Joseph Conckling, junior, the master and claimant of the cargo laden on board the said ship, on behalf of John Townsend and Walter Franklin of New York, merchants, and himself, citizens of the United States of America, the asserted sole owners and proprietors thereof, appellant against Robert Hall, Esquire, commander of His Majesty&apos;s ship of war Lynx, the captor of the said ship and cargo, and James Heseltine, Esquire, His Majesty&apos;s procurator-general respondents : case on behalf of the respondents. [London : s.n., 1802].</subfield></datafield><datafield ind1=' ' ind2=' ' tag='501'><subfield code='a'>With: Before the Most Noble and Right Honourable the Lords Commissioners of Appeals in Prize Causes : the Ship Pegasus Joseph Conkling, master : an appeal from Bermuda : joint appendix. [London] : R. Heyden, [1802].</subfield></datafield><datafield ind1=' ' ind2=' ' tag='501'><subfield code='a'>With: Before the Most Noble and Right Honourable the Lords Commissioners of Appeals in Prize Causes : the Schooner Betsey John Hands, master : Charles Reilly, of Charleston, in North America, merchant, a citizen of the United States, sole owner of ship and cargo, appellant and John Wentworth Loring, Esq., commander of His Majesty&apos;s ship Lark, respondent : an appeal from the Vice-Admiralty Court of the Bahama Islands : appellant&apos;s case. [London] : Printed by I. and I. Walter Printing House Yard, [1802].</subfield></datafield><datafield ind1=' ' ind2=' ' tag='501'><subfield code='a'>With: Before the Most Noble and Right Honourable the Lords Commissioners of Appeals in Prize Causes : (an appeal from the Vice-Admiralty Court of the Bahama Islands) : the Betsey John Hands : master Charles Reilly of the city of Charleston in the state of South Carolina in North America, merchant, a subject of the United States of America, claimant of the said ship and cargo as his own property, appellant against John Wenworth Loring, Esquire, commander of His Majesty&apos;s sloop of war Lark : the captor of the said ship and cargo : and James Heseltine, Esquire, His Majesty&apos;s procurator-general, respondents : case on behalf of the respondents. [London : s.n., 1802].</subfield></datafield><datafield ind1=' ' ind2=' ' tag='501'><subfield code='a'>With: Before the Most Noble and Right Honourable the Lords Commissioners of Appeals in Prize Causes : the Betsey, John Hands, master : appendix. [London] : Printed by I. and I. Walter Printing House Yard, [1802].</subfield></datafield><datafield ind1=' ' ind2=' ' tag='501'><subfield code='a'>With: Before the Most Noble and Right Honourable the Lords Commissioners of Appeals in Prize Causes : the Friendship Peter Bell, master : appellants case : an appeal from the Vice-Admiralty Court of Jamaica. [London] : Printed by C. Rickaby, [1802].</subfield></datafield><datafield ind1=' ' ind2=' ' tag='501'><subfield code='a'>With: Before the Most Noble and Right Honourable the Lords Commissioners of Appeals in Prize Causes : (an appeal from the Vice-Admiralty Court of the Island of Jamaica) : the Friendship Peter Bell, master Antonie Nicholas Larrien, decribed of New York, merchant, and a naturalized citizen of the United States of America, claimant of the said ship and cargo as his own property, appellant against the Honorable Thomas Bredden Capel, commander of His Majesty&apos;s ship of His Majesty&apos;s ship of war Arab, the captor of the said ship and cargo : and James Heseltine Esquire, His Majesty&apos;s procurator general, respondents : case on behalf of the respondents. [London : s.n., 1802].</subfield></datafield><datafield ind1=' ' ind2=' ' tag='501'><subfield code='a'>With: Before the Most Noble and Right Honourable the Lords Commissioners of Appeals in Prize Causes : the Friendship Peter Bell, master : appendix. [London] : Printed by C. Rickaby, [1802].</subfield></datafield><datafield ind1=' ' ind2=' ' tag='501'><subfield code='a'>With: Before the Most Noble and Right Honourable the Lords Commissioners of Appeals in Prize Causes : the Mercurius, Emanuel Bartels, master : (an appeal from Gibraltar) : Emanuel Bartels he master and claimant of the ship and cargo as Swedish property, appellant against Nicholas Moyardo, commander of the private ship of war Three Brother the captor : the appellant&apos;s case. [London : s.n., 1802].</subfield></datafield><datafield ind1=' ' ind2=' ' tag='501'><subfield code='a'>With: Before the Most Noble and Right Honourable the Lords Commissioners of Appeals in Prize Causes : the Mercurius, Emanuel Bartels, master : (an appeal from Gibraltar) : appendix. [London] : Printed by J. Waright, [1802].</subfield></datafield><datafield ind1=' ' ind2=' ' tag='501'><subfield code='a'>With: Before the Most Noble and Right Honourable the Lords Commissioners of Appeals in Prize Causes : the Caffee Baum, Ube Hanssen Staal, master : (an appeal from News) : Ube Hanssen Staal, the master and claimant of the ship, on behalf of Peter and Joan Bernhard Marches, of Embden, subjects of His Majesty the King of Purssia, the sole owners thereof, appellant against Willian Corham, commander of the private ship of war Lousa Bridger the captor, and John Mills, of Nevis, claimant of the said ship on behalf of Peter Atkinson, of Hull, the asserted former British proprietor claimant of the ship on behalf of the asserted former British proprietor : case on behalf of the appellant. [London : s.n., 1802].</subfield></datafield><datafield ind1=' ' ind2=' ' tag='501'><subfield code='a'>With: Before the Most Noble and Right Honourable the Lords Commissioners of Appeals in Prize Causes : (an appeal from News) : Caffee Baum, Ubbe Hansen Staal, master : appendix. [London] : Printed by J. Wright, [1802].</subfield></datafield><datafield ind1=' ' ind2=' ' tag='501'><subfield code='a'>With: Before the Most Noble and Right Honourable the Lords Commissioners of Appeals in Prize Causes : the Fortuna, Jens Hansen Guldager, master : (an appeal from Gibraltar) : attestation and exhibit in frill further proof. [London] : Printed by W. Wilson, [1802].</subfield></datafield><datafield ind1=' ' ind2=' ' tag='501'><subfield code='a'>With: Before the Most Noble and Right Honourable the Lords Commissioners of Appeals in Prize Causes, the Fortuna, Jens Hansen Guldager, master (an appeal from Gilbraltar.) : attestation and exhibit in still further proof. [London] : Printed by W. Wilson St. Peter&apos;s Hill, [1798?].</subfield></datafield><datafield ind1=' ' ind2=' ' tag='501'><subfield code='a'>With: Before the Most Noble and Right Honourable the Lords Commissioners of Appeals in Prize Causes the Fame, William Flagg, master, an appeal from Bermuda, further proofs. [London] : Keating, Brown and Keating Printers, [1798?].</subfield></datafield><datafield ind1=' ' ind2=' ' tag='501'><subfield code='a'>With: Before the Most Noble and Right Honourable the Lords Commissioners of Appeals in Prize Causes the schooner Eliza, Peter Caruth, master, John Robert Anderson, of London merchant, claimant of the ship and cargo, as the sole property of Samuel Wyllie, of Charleston, merchant, a citizen of the United States, appellant, against John Ferrier, Esq., commander of His Majesty&apos;s ship York, the captor, respondent : appellant&apos;s case. [London] : Printed by I. and I. Walter, [1798?].</subfield></datafield><datafield ind1=' ' ind2=' ' tag='501'><subfield code='a'>With: Before the Most Noble and Right Honourable the Lords Commissioners of Appeals in Prize Causes(an appeal from the vice-admiralty court of the Island of Jamacia) the Eliza, Peter Caruth, master, John Robert Anderson, of London, claimant of the said ship and cargo, as the property of Samuel Wyllie, of Charlston in North America, merchant, a citizen of the United States of America, trading under the firm of Wyllie and co., appellant, against John Ferrier Esquire, commander of His Majesty&apos;s ship York, the captor of the said ship and cargo, and James Heseltine Esquire, His Majesty&apos;s procurator general, respondents : case on behalf of the respondents. [London : s.n., 1798?].</subfield></datafield><datafield ind1=' ' ind2=' ' tag='501'><subfield code='a'>With: Before the Most Noble and Right Honourable the Lords Commissioners of Appeals in Prize Causes the schooner Eliza, P. Caruth, masters : appendix. [London] : Printed by I. &amp; I. Walter, [1798?].</subfield></datafield><datafield ind1=' ' ind2=' ' tag='501'><subfield code='a'>With: Before the Most Noble and Right Honourable the Lords Commissioners of Appeals in Prize Causes the Susa, Barzillai Hussey, master, Isaiah Hussey, the claimant of the ship, with demurrage and expences, appellant against Lietenant Wildey, commander of His Majesty&apos;s hired armed cutter camperdown the captor respondent : on an appeal from the high court of admiralty of England : (appellant&apos;s case). [London] : G. Woodfall, printer, [1798?].</subfield></datafield><datafield ind1=' ' ind2=' ' tag='501'><subfield code='a'>With: Before the Most Noble and Right Honourable the Lords Commissioners of Appeals in Prize Causes (an appeal from the high court of admiralty of England) the Susa Barzillai Hussey, master, Isaiah Hussey, the supercargo and claimant of the said ship, on behalf of mark coffin, of nantucket in North America, merchant, a citizen of the United States of America, the asserted sole owner and proprietor thereof, appellant, against Lieutenant Henry Wildey, commander of His Majesty&apos;s hired armed cutter Camperdown, the captor of the said ship and James Heseltine Esquire, His Majesty&apos;s procurator-general, respondents : case on behalf of the respondents. [London : s.n., 1798?].</subfield></datafield><datafield ind1=' ' ind2=' ' tag='501'><subfield code='a'>With: Before the Most Noble and Right Honourable the Lords Commissioners of Appeals in Prize Causes, the Susa, Barzellai Hussey, master : appendix. [London : s.n., 1798?].</subfield></datafield><datafield ind1=' ' ind2=' ' tag='501'><subfield code='a'>With: Before the Most Noble and Right Honorable the Lords Commissioners of Appeals in Prize Causes, Maria and Eliza, William Downe, master, Samuel Williams, Esquire, of London, merchant, claimant of the ship and cargo, on behalf of the personal representatives of Mungo Mackay, the younger, late of Boston, citizen of the United States of America, deceased, whilst living, the true, lawful, and sole owner and proprietor thereof, appellant, against William Caley, Esquire, commander of His Majesty&apos;s ship of war invincible, the captor, respondent : on an appeal from the vice-admiralty court of Barbadoes : appellant&apos;s case : 1803. [London] : Brooke, printer, [1798?].</subfield></datafield><datafield ind1=' ' ind2=' ' tag='501'><subfield code='a'>With: Before the Most Noble and Right Honourable the Lords Commissioners of Appeals in Prize Causes, (an appeal from the vice-admiralty court of the Island of Barbadoes. Maria and Eliza, William Downe, master, Samuel Williams Esquire, of London, merchant, claimant of the said ship and cargo, on behalf of the personal representatives of Mungo Mackay the younger, late of Boston in North America, deceased, the said representative or representatives being as asserted a citizen or citizens of the United States of America, appellant, William Caley Esquire, commander of His Majesty&apos;s ship of war invincible, the captor of the said ship and cargo and James Heseltine Esquire, His Majesty&apos;s procurator-general, respondents : case on behalf of the respondents. [London] : Printed by A. Strahan, [1798?].</subfield></datafield><datafield ind1=' ' ind2=' ' tag='501'><subfield code='a'>With: Before the Most Noble and Right Honorable the Lords Commissioners of Appeals in Prize Causes, Maria and Eliza, William Downe, master : appendix : 1803. [London] : Brooke, printer, [1798?].</subfield></datafield><datafield ind1=' ' ind2=' ' tag='501'><subfield code='a'>With: Before the Most Noble and Right Honourable the Lords Commissioners of Appeals in Prize Causes, Maria and Eliza, William Downe, master : additional appendix on the part of the respondents. [London] : Printed by A. Strahan, [1798?].</subfield></datafield><datafield ind1=' ' ind2=' ' tag='501'><subfield code='a'>With: Before the Most Noble and Right Honourable the Lords Commissioners of Appeals in Prize Causes, the Mary Ann, J.B. Rainaud, master, (an appeal from Jamaica), J.B. Rainaud, the master and claimant of the cargo (including 6500 dollars in specie) on behalf of Messrs. James Hazzell and Co., of the Island of St. Thomas, subjects of His Majesty the king of Denmark, the sole owners thereof, appellant from the condemnation of the said 6500 dollars against Francis Vesey, Esq., commander of His Majesty&apos;s brig amarinthe, the captor, and James Heseltine, Esq., His Majesty&apos;s procurator general, respondents, the said Francis Vesey and James Heseltine, appellants from the restitution of the general cargo against the said J.B. Rainaud, the claimant, respondent : case on behalf of the claimant. [London] : s.n., [1798?].</subfield></datafield><datafield ind1=' ' ind2=' ' tag='501'><subfield code='a'>With: Before the Most Noble and Right Honourable the Lords Commissioners of Appeals in Prize Causes, (an appeal from the vice-admiralty court of the Island of Jamaica), the Mary Ann, Joseph Bonaventure Raynaud, master appeal on behalf of the claimants Joseph Bonaventure Raynaud, the claimant of 6500 dollars, laden on board the said ship, on behalf of Messrs. James Hazzell and Co., of the Island of St. Thomas, merchants, and subjects of His Majesty the king of Denmark, the asserted sole owners and proprietors thereof, appellant, against Francis Vesey Esquire, commander of His Majesty&apos;s sloop of war amaranthe, the captor of the said ship and cargo and James Heseltine Esquire, His Majesty&apos;s procurator general, respondents, appeal on behalf of the captors, the said Francis Vesey and James Heseltine Esquires, appellants against the said Joseph Bonaventure Raynaud, the claimant of the remainder of the cargo of the said ship on behalf of the said Messrs. James Hazzell and Co., respondent : case on behalf of the respondents. [London] : Printed by A. Strahan, [1798?].</subfield></datafield><datafield ind1=' ' ind2=' ' tag='501'><subfield code='a'>With: Before the Most Noble and Right Honourable the Lords Commissioners of Appeals in Prize Causes, the Mary Ann, Joseph Bonaventure Rainaud, master (an appeal from Jamaica.) : joint appendix. [London] : Printed by J. Wright, [1798?].</subfield></datafield><datafield ind1=' ' ind2=' ' tag='501'><subfield code='a'>With: Before the Most Noble and Right Honourable the Lords Commissioners of Appeals in Prize Causes, appeal from Jamaica, the Arethusa, Lars Benderson, master, Francis Blackwell, the supercargo, claimant of part of the cargo laden on board the said schooner, on behalf of himself, as the sole owner and proprietor thereof and also the claimant of the said schooner, her tackle, apparel, and furniture, and the remainder of the cargo, on behalf of John A. Moreton, of the Island of Saint Thomas, merchant, and burgher of the said Island, a Danish subject, the true, lawful, sole owner and proprietor thereof, appellant and Robert Waller Otway, Esquire, commander of His Majesty&apos;s ship of war Trent, and William Ogilvie, Esquire, commander of His Majesty&apos;s ship Magicienne, the captors, respondents : case on behalf of the appellant. [London : s.n., 1804].</subfield></datafield><datafield ind1=' ' ind2=' ' tag='501'><subfield code='a'>With: Before the Most Noble and Right Honourable the Lords Commissioners of Appeals in Prize Causes, (an apeal from the Vice-Admiralty Court of the Island of Jamaica), Arethusa, Lars Benderson, master. Francis Blackwell the supercargo and claimant of part of the cargo as his own property, and of the ship and remainder of the cargo on behalf of John A. Morton, of the Island of saint Thomas, merchant, a subject of his majesty the king of Denmark, the asserted sole owner and proprietor thereof, appellant against Robert Waller Otway Esquire, commander of His Majesty&apos;s ship Trent, and William Ogilvie Esquire, commander of His Majesty&apos;s ship Magicienne, the captors of the said ship and cargo and James Heseltine Esquire, His Majesty&apos;s procurator-general, respondents : case on behalf of the respondents. [London : s.n., 1804].</subfield></datafield><datafield ind1=' ' ind2=' ' tag='501'><subfield code='a'>With: Before the Most Noble and Right Honourable the Lords Commissioners of Appeals in Prize Causes, appeal from Jamaica the Arethusa, Lars Benderson, master : appendix [London] : Rhyud, printer, [1804].</subfield></datafield><datafield ind1=' ' ind2=' ' tag='501'><subfield code='a'>With: Before the Most Noble and Right Honourable the Lords Commissioners of Appeals in Prize Causes, Arethusa, Benderson, master, additional appendix. Heseltine, king&apos;s proctor. [London] : Printed by A. Strahan, law-printer to His Majesty, [1804].</subfield></datafield><datafield ind1=' ' ind2=' ' tag='501'><subfield code='a'>With: Before the Most Noble and Right Honourable the Lords Commissioners of Appeals in Prize Causes, Los Tres Amigos, Matias Tamaris, master : an appeal from New Providence, the said Matias Tamaris, William Duff, and Francisco Tato of the Island of New Providence, claimant of the said ship, and of the cargo laden on board the same, under a licence from his excellency the governor of the Bahama Islands, on behalf of don pedro diego of the havanna, merchant, a subject of his majesty the king of Spain the true, lawful, and sole owner and proprietor thereof, claimant and appellant, against temple hardy, esquire, commander of His Majesty&apos;s ship of war Thunderer, and James Heseltine, Esq., His Majesty&apos;s procurator-general, captor and respondent. case on behalf of the claimant and appellant. [Lonon] : Keating, Brown and Keating, printers, [1804].</subfield></datafield><datafield ind1=' ' ind2=' ' tag='501'><subfield code='a'>With: Before the Most Noble and Right Honourable the Lords Commissioners of Appeals in Prize Causes, (an appeal from the vice-admiralty court of the bahama Islands.) Los Tres Amigos, Matias Tamaris, master, Matias Tamaris the master, William duff of the Island of new providence, merchant, and Francisco tato of the said Island, trader, claimants of the said ship and cargo, on behalf of don pedro diego of the Havannah merchant, a subject of His Catholic Majesty the King of Spain, appellants, against Temple Hardy Esquire, commander of His Majesty&apos;s ship of war Thunderer, the captor of the said ship and cargo, and James Heseltine Esquire, His Majesty&apos;s procurator-general, respondents : case on behalf of the respondents. [London : s.n., 1804].</subfield></datafield><datafield ind1=' ' ind2=' ' tag='501'><subfield code='a'>With: Before the Most Noble and Right Honourable the Lords Commissioners of Appeals in Prize Causes, Los Tres Amigos otherwise the three friends. matias tamaris, master, an appeal from Bermuda : joint appendix. [London] : Keating, brown and keating, Printers, [1804].</subfield></datafield><datafield ind1=' ' ind2=' ' tag='501'><subfield code='a'>With: Before the Most Noble and Right Honorable the Lords Commissioners of Appeals in Prize Causes, Eleonora, Claus Schut, master, Daniel Campbell, the supercargo and claimant of the cargo, laden on board the said brig, as the property of Messrs. James Hazzell and Co. of the Island of St. Thomas, merchants, subjects of the king of denmark, and of himself the said claimant, appellant. against James Campbell, commander of the private ship of war flying fish, the captor, respondent. on an appeal from the vice-admiralty court of tortola : appellant&apos;s case. [London] : Brooke, printer, [1803].</subfield></datafield><datafield ind1=' ' ind2=' ' tag='501'><subfield code='a'>With: Before the Most Noble and Right Honourable the Lords Commissioners of Appeals in Prize Causes, the Brig Eleonora, Claus Schut, master. Daniel Campbell, the supercargo and claimant of the cargo, laden on board said brig, on behalf of himself and Nessrs. James Hazzell and Co. of the Island of St. Thomas, merchants, danish subjects, appellants. and James Campbell, commander of the private sloop of war flying fish, the captor, respondent : an appeal from Tortola. [London : s.n., 1803].</subfield></datafield><datafield ind1=' ' ind2=' ' tag='501'><subfield code='a'>With: Before the Most Noble and Right Honourable the Lords Commissioners of Appeals in Prize Causes, appeal from Tortola, Eleonora, Claus Schut, master : appendix. [London] : Brooke, printer, [1803].</subfield></datafield><datafield ind1=' ' ind2=' ' tag='501'><subfield code='a'>With: Before the Most Noble and Right Honourable the Lords Commissioners of Appeals in Prize Causes, George, Ropers, master, an appeal from Gibraltar : case and appendix on behalf of the claimant, for the hearing on further proof of the property of the ship. [London] : G. Woodfall, printer, [1804].</subfield></datafield><datafield ind1=' ' ind2=' ' tag='501'><subfield code='a'>With: Before the Most Noble and Right Honorable the Lords Commissioners of Appeals in Prize Causes, Aurora, Joachim Brenmahl, master : (an appeal from Gibraltar), case and appendix on the part of the claimant : for the hearing on further proof. [London] : Printed by J. Wright, [1802].</subfield></datafield><datafield ind1=' ' ind2=' ' tag='501'><subfield code='a'>With: Before the Most Noble and Right Honorable the Lords Commissioners of Appeals in Prize Causes, Diligence, Brodie M&apos;Ghie, master, Peter Dubbeldemutsvan Dyck, of London, merchant, claimant of 102 pipes brandy, on behalf of Peter Peschier, of Copenhagen, merchant, appellants, against George Gostling, Esq., His Majesty&apos;s procurator general in his office of admiralty respondent : on an appeal from the High Court of Admiralty of England : appellants&apos;s case. [London : s.n., 1802].</subfield></datafield><datafield ind1=' ' ind2=' ' tag='501'><subfield code='a'>With: Before the Most Noble and Right Honorable the Lords Commissioners of Appeals in Prize Causes, Diligence, Brodie M&apos;Ghie, master, Peter Dubbeldemutsvan Dyck, of London, merchant, claimant of 102 pipes of brandy, laden on board the said ship, on behalf of Perter Peschier, of Copenhagen, merchant, appellants, against George Gostling, Esq., His Majesty&apos;s procurator general in his office of admiralty respondent : case on behalf of His Majesty in his office of admiralty. [London : s.n., 1802].</subfield></datafield><datafield ind1=' ' ind2=' ' tag='501'><subfield code='a'>With: Before the Most Noble and Right Honorable the Lords Commissioners of Appeals in Prize Causes, Diligence, Brodie M&apos;Ghie, master : appendix : on an appeal from the High Court of Admiralty of England. London : G. Woodfall, printer [1802].</subfield></datafield><datafield ind1=' ' ind2=' ' tag='501'><subfield code='a'>With: Before the Most Noble and Right Honorable the Lords Commissioners of Appeals in Prize Causes, Conqueror, Robert Tate, master, Peter Dubbeldemutsvan Dyck, of London, merchant, claimant of 100 pipes brandy, on behalf of Peter Peschier, of Copenhangen, merchant, appellants, against George Gostling, Esq., His Majesty&apos;s procurator general in his office of admiralty respondent : on an appeal from the High Court of Admiralty of England, appellants&apos;s case. [London : s.n., 1802].</subfield></datafield><datafield ind1=' ' ind2=' ' tag='501'><subfield code='a'>With: Before the Most Noble and Right Honorable the Lords Commissioners of Appeals in Prize Causes, Conqueror, Robert Tate, master : appendix : on an appeal from the High Court of Admiralty of England. [London] : G. Woodfall, printer, [1802].</subfield></datafield><datafield ind1=' ' ind2=' ' tag='501'><subfield code='a'>With: Before the Most Noble and Right Honorable the Lords Commissioners of Appeals in Prize Causes, Friend&apos;s Goodwill, Henry Gray, master, Peter Dubbeldemuts Van Dyck, of London, merchant, claimant of 75 pipes brandy, on behalf of Peter Peschier, of Copenhagen, merchant appellants, against George Gostling, Esq., His Majesty&apos;s procurator general in his office of admiralty respondent : on an appeal from the High Court of Admiralty of England, appellants&apos;s case. [London : s.n., 1802].</subfield></datafield><datafield ind1=' ' ind2=' ' tag='501'><subfield code='a'>With: Before the Most Noble and Right Honorable the Lords Commissioners of Appeals in Prize Causes, Friend&apos;s goodwill, Henry Gray, master : appendix. [London] : G. Woodfall, printer, [1802].</subfield></datafield><datafield ind1=' ' ind2=' ' tag='501'><subfield code='a'>With: Before the Most Noble and Right Honorable the Lords Commissioners of Appeals in Prize Causes, the Quantibay Cook, Samuel Eames, master, an appeal from Jamaica, Bristen Bryan, of Kingston in the island of Jamaica, claimant of 97 boxes of quicksilver laden on board the said ship, on behalf of J.P. Jennings and John Darrell, merchants and inhabitants of St. Thomas&apos;s, and subjects of His Majesty the King of Denmark, the true, lawful, and sole owners and proprietors thereof, claimant and appellants, against John Ferrier, Esquire, commander of His Majesty&apos;s ship of war York, Ross Donelly, Esquire, commander of His Majesty&apos;s ship of war Maidstone, Andjames Heseltine, Esquire, His Majesty&apos;s procurator-general captor and respondent : case on behalf of the claimant and appellants. [London] : Keating, Brown and Co., Printers, [1802].</subfield></datafield><datafield ind1=' ' ind2=' ' tag='501'><subfield code='a'>With: Before the Most Noble and Right Honorable the Lords Commissioners of Appeals in Prize Causes, (an appeal from the Vice Admiralty Court of the island of Jamaica), the Quantibay Cook, Samuel Eames, master, Brister Bryan of the island of Jamaica merchant, claimant of 97 boxes of quicksilver, part of the cargo of this ship, on behalf of John P. Jennings Andjohn Darrel, described of the island of St. Thomas, merchants, and naturalized subjects of His Majesty the King of Denmark, the asserted sole owners and proprietors thereof, appellants, against John Ferrier, Esquire, commander of His Majesty&apos;s ship of war York, Andross Donnelly, Esquire, commander of His Majesty&apos;s ship of war Maidstone, the captors, and James Heseltine, Esquire, His Majesty&apos;s procurator general, appellants : case on behalf of the appellants. [London : s.n., 1802].</subfield></datafield><datafield ind1=' ' ind2=' ' tag='501'><subfield code='a'>With: Before the Most Noble and Right Honorable the Lords Commissioners of Appeals in Prize Causes, the Quantibay Cook, Samuel Eames, master : an appeal from Jamaica : appendix. London : R. Heyden, printer, [1802].</subfield></datafield><datafield ind1=' ' ind2=' ' tag='501'><subfield code='a'>With: Before the Most Noble and Right Honorable the Lords Commissioners of Appeals in Prize Causes, the Quantibay Cook, Samuel Eames, master : additional appendix on the part of the appellants. [London] : Keating, Brown and Keating, Printers, [1802].</subfield></datafield><datafield ind1=' ' ind2=' ' tag='501'><subfield code='a'>With: Before the Most Noble and Right Honourable the Lords Commissioners of Appeals in Prize Causes : the Quantibay Cook, Samuel Eames, master : additional appendix on the part of the respondents. [London] : Printed by A. Strahan, [1799].</subfield></datafield><datafield ind1=' ' ind2=' ' tag='501'><subfield code='a'>With: Before the Most Noble and Right Honourable the Lords Commissioners of Appeals in Prize Causes : the Hope, Andrew Dorgan, master : Charles Ramsay, claimant of ship and cargo as American property, appellant, Henry Tucker and Joseph Eve, the captors, respondents : appellant&apos;s case. [London] : Printed by C. Rickaby, [1803].</subfield></datafield><datafield ind1=' ' ind2=' ' tag='501'><subfield code='a'>With: Before the Most Noble and Right Honourable the Lords Commissioners of Appeals in Prize Causes : (an appeal from New Providence) : the Hope, Andrew Dorgan, master : Charles Ramsay, an American citizen and Andrew Dorgan, the master, joint claimants of the said ship and part of the cargo as the property of him the said Charles Ramsay, and his co-partner, George Arnold, respectively, of New York, merchants, American citizens and Daniel Hawley, also described as American citizen and also claimant of the remainder of the cargo, as the property of Messrs. P. Mark and Sterlitz, of the city of New York, merchants, American citizens, appellants, against Henry Tucker, commander of the private ship of war Lark and Joseph Eve, commander of the private ship of war Mayflower, the captors of the said ship and cargo, respondents : case on behalf of the captors and respondents. [London] : Printed by A. Strahan, [1803].</subfield></datafield><datafield ind1=' ' ind2=' ' tag='501'><subfield code='a'>With: Before the Most Noble and Right Honourable the Lords Commissioners of Appeals in Prize Causes : the Hope, Andrew Dorgan, master : appendix. [London] : Printed by C. Rickaby, [1803].</subfield></datafield><datafield ind1=' ' ind2=' ' tag='501'><subfield code='a'>With: Before the Most Noble and Right Honourable the Lords Commissioners of Appeals in Prize Causes : appeal from New Providence : the Flying Fish, Joseph Treguglia, master : Joseph Treguglia, the master, claimant of 120 negroes on board the said schooner, on behalf of Messrs. Campbell and Whittle, of the island of Jamaica, merchants, the true, lawful, sole owners and proprietors thereof, appellant, against John Artrill, commander of the private ship of war Antelope and Moxey, commander of the private ship of war Mary Ann, the captors of the said schooner and 120 negroes, respondents : case on behalf of the appellant. [London] : Rhynd, printer, [1803].</subfield></datafield><datafield ind1=' ' ind2=' ' tag='501'><subfield code='a'>With: Before the Most Noble and Right Honourable the Lords Commissioners of Appeals in Prize Causes : the Flying Fish, Joseph Fregulia, master : Joseph Fregulia, the master and claimant of the ship, her tackle, apparel and furniture, as the property of himself, also claimant of his own private adventure and claimant of the cargo, on behalf of and as the true, lawful and sole property of Messrs. Campbell and Whittle, of Jamaica, merchants, British subjects, appellant, against John Artril, commander of the private ship of war the Antelope and Robert Moxey, commander of the private ship of war Mary Ann, the captors of the said ship, cargo and private adventure, respondents : the respondents&apos; case. [London] : Printed by A. Strahan, [1803].</subfield></datafield><datafield ind1=' ' ind2=' ' tag='501'><subfield code='a'>With: Before the Most Noble and Right Honourable the Lords Commissioners of Appeals in Prize Causes : appeal from New Providence : the Flying Fish, Joseph Treguglia, master : appendix. [London] : Rhynd, printer, [1803].</subfield></datafield><datafield ind1=' ' ind2=' ' tag='501'><subfield code='a'>With: Before the Most Noble and Right Honourable the Lords Commissioners of Appeals in Prize Causes : Louisa Augusta, I. Kerringdongo, master : (an appeal from Tortola) : Paul Caminati, of the island of St. Thomas, a subject of His Majesty the King of Denmark, claimant of the ship and cargo, on behalf of himself, the proprietor thereof, appellant, John Hodge, commander of the private ship of war Young John, the captor, respondent : the appelant&apos;s case. [London] : J. Wright, printer, [1803].</subfield></datafield><datafield ind1=' ' ind2=' ' tag='501'><subfield code='a'>With: Before the Most Noble and Right Honorable the Lords Commissioners of Appeals in Prize Causes : Louisa Augusta, Kerringdongo, master : Paolo Caminati, of the island of St. Thomas, merchant, a subject of the King of Denmark, the claimant of the said ship and cargo, appellant, against John Hodge, commander of the private ship of war Young John, the captor, respondent : on an appeal from the Vice-Admiralty Court of Tortola : respondent&apos;s case. [London] : Brooke, printer, [1802].</subfield></datafield><datafield ind1=' ' ind2=' ' tag='501'><subfield code='a'>With: Before the Most Noble and Right Honourable the Lords Commissioners of Appeals in Prize Causes : (an appeal from Tortola) : the Louisa Augusta, L. Kerringdongo, master : joint appendix. [London] : Printed by A. Strahan, [1803].</subfield></datafield><datafield ind1=' ' ind2=' ' tag='501'><subfield code='a'>With: Before the Most Noble and Right Honourable the Lords Commissioners of Appeals in Prize Causes : Charlotte, James Josiah Coffin, master : James Perkins, of Boston, in North America, merchant, a subject of the United States and 4 barrels of sugar, 16 hogsheads, 45 tierces and 598 bags of coffee, laden on baord the said ship, on behalf of himself and of Stephen Higginson and Thomas Handasyd Perkins, of Boston aforesaid, merchants and subjects of the said United States of America, James Josiah Coffin, the master of the said ship, a subject of the said United States of America, claimant of divers goods, wares and merchandizes, on behalf of himself and serveral other persons, the crew of the said ship, subjects of the United States of America and Thomas Crafts, of Boston aforesaid, also a subject of the United States of America, claimant of 8 hogsheads of sugar and 16 tierces of coffee, marked respectively T C, on behalf of himself, the owner thereof, Philip Jenkins, commander of the private ship of war the Bob and Kate, the captor of the said ship and cargo, respondent : appeals from the Vice-Admiralty Court of the Island of Antigua : appellants case. [London : s.n.], 1795.</subfield></datafield><datafield ind1=' ' ind2=' ' tag='501'><subfield code='a'>With: Before the Most Noble and Right Honorable the Lords Commissioners of Appeals in Prize Causes, Charlette, James Josiah Coffin, master, James Perkins, of Boston, in North America, merchant, a subject of the United States of America, the Claimant of 234 hogsheads and 3 barrels of sugar, 36 hogsheads, 45 tierces and 598 bags of coffee, laden on board the said ship, on behalf of himself and of Stephen Higginson and Thomas Handasyd Perkins, of Boston aforessaid, merchants and subjects of the said United States of America, James Josiah Coffin, the master of the said ship, a subject of the said United States of America, claimant of divers goods, wares and merchandizes, on behalf of himself and several other persons, the crew of the said ship, subjects of the United States of America, and Thomas Crafts, of Boston aforesaid, also a subject of the United States of America, Claimant of 8 hogsheads of sugar and 16 tierces of coffee, marked respectively TC, on behalf of himself, the owner thereof, appellants, Phillip Jenkins, commander of the private ship war the Bob and Kate, the captor of the said ship and cargo, respondent : appeals from the Vice-Admiralty Court of the island of Antigua : appendix to the appellants case, 1795. [London : s.n., 1802].</subfield></datafield><datafield ind1=' ' ind2=' ' tag='501'><subfield code='a'>With: Before the Most Noble and Right Honorable the Lords Commissioners of Appeals in Prize Causes, Charlette, James Josiah Coffin, master, James Perkins of Boston, in North America, merchant, the claimant of 234 hogsheads and three barrels of sugar, 36 hogsheads, 45 tierces and 598 bags of coffee, laden on baord the said ship, on behalf of himself and of Stephen Higginson and Thomas Handasyd Perkins of Boston aforesaid, merchants, James Josiah Coffin, the master of the said ship, claimant of divers goods, wares, and merchandizes, on behalf of himself and several other persons, the crew of the said ship, and Thomas Crafts of Boston aforesaid, Esquire, claimant of 3 hogsheads of sugar and 16 tierces of coffee, on behalf of himself, appellants. and Philip Jenkis, commander of the private ship of war the Bob and Kate, the captor of the said ship and cargo, respondent : on appeals from the Vice-Admiralty Court of Antigua : respondent&apos;s case. [London : s.n., 1802].</subfield></datafield><datafield ind1=' ' ind2=' ' tag='501'><subfield code='a'>With: Before the Most Noble and Right Honorable the Lords Commissioners of Appeals in Prize Causes, Charlette, James Josiah Coffin, master, James perkins of Boston, in North America, merchant, the claimant of 234 hegsheads and three barrels of sugar, 36 hogsheads, 45 tierces and 598 bags of coffee, laden on board the said ship, on behalf of himself and of Stephen Higginson and Thomas Handasyd Perkins of Boston aforesaid, merchants, James Josiah Coffin, the master of the said ship, claimant of divers goods, wares, and merchandizes, on behalf of himself and several other persons, the crews of the said ship, and Thomas Crafts of Boston aforesaid, Esquire, claimant of 8 hogsheads of sugar and 16 tierces of coffee, on behalf of himself, appellants. and Philip Jenkins, commander of the private ship of war the Bob and Kate, the captor of the said ship and cargo, respondent : appeals from the Vice-Admiralty Court of the island of Antigua : appendix to the respondent&apos;s case. [London : s.n., 1802].</subfield></datafield><datafield ind1=' ' ind2=' ' tag='501'><subfield code='a'>With: Before the Most Noble and Right Honorable the Lords Commissioners of Appeals in Prize Causes, Betsey, Nathaniel kinsman, master, Cornelius Cayley, commander of the private ship of war the Cholmley, captor of the said Ship Betsey and her cargo, appellant, against Nathaniel Kinsman, the master, claimant of the said ship and cargo, respondent : on an appeal from the Vice-Admiralty Court of Bermuda : appellant&apos; case. [London : s.n., 1802].</subfield></datafield><datafield ind1=' ' ind2=' ' tag='501'><subfield code='a'>With: Before the Most Noble and Right Honorable the Lords Commissioners of Appeals in Prize Causes, the Betsey, Nathaniel Kinsman, master : appendix to the appellant&apos;s case. [London : s.n., 1802].</subfield></datafield><datafield ind1=' ' ind2=' ' tag='501'><subfield code='a'>With: Before the Most Noble and Right Honorable the Lords Commissioners of Appeals in Prize Causes, the Betsey, Nathaniel Kinsman, master, Cornelius Cayley, commander of the private ship of War Cholmley, the captor, appellant, the said Batheniel Kinsman, the master and claimant of the ship and cargo, on behalf of Moses Brown and Israel Thorndike, of Beverley, in the state of Massachusetts, natives and citizens of the United States of America, the sole owners thereof, respondent : (an appeal from the Vice-Admiralty Court of the island of Bermuda) : the respondent&apos;s case. [London : s.n., 1802].</subfield></datafield><datafield ind1=' ' ind2=' ' tag='501'><subfield code='a'>With: Before the Most Noble and Right Honorable the Lords Commissioners of Appeals in Prize Causes, the Betsey, Nathaniel Kinsman, master : appendix to the respondent&apos;s case. [London : s.n., 1802].</subfield></datafield><datafield ind1=' ' ind2=' ' tag='501'><subfield code='a'>With: Before the Most Noble and Right Honorable the Lords Commissioners of Appeals in Prize Causes, the Betsey, Nathaniel Kinsman, master : additional appendix to the respondent&apos;s case. [London : s.n., 1802].</subfield></datafield><datafield ind1=' ' ind2=' ' tag='533'><subfield code='a'>Electronic reproduction.</subfield><subfield code='b'>Farmington Hills, Mich. :</subfield><subfield code='c'>Gale, a part of Cengage Learning,</subfield><subfield code='d'>2007.</subfield><subfield code='n'>Available via the World Wide Web.</subfield><subfield code='n'>Access limited by licensing agreements.</subfield><subfield code='7'>s2007    miunns</subfield></datafield><datafield ind1='1' ind2='0' tag='600'><subfield code='a'>Wolff, Jens,</subfield><subfield code='e'>appellant</subfield><subfield code='x'>Trials, litigation, etc.</subfield></datafield><datafield ind1='1' ind2='0' tag='600'><subfield code='a'>Hardy, Thomas,</subfield><subfield code='d'>1752-1832,</subfield><subfield code='e'>respondent</subfield><subfield code='x'>Trials, litigation, etc.</subfield></datafield><datafield ind1=' ' ind2='0' tag='650'><subfield code='a'>Trials (Trespass)</subfield><subfield code='z'>Great Britain.</subfield></datafield><datafield ind1=' ' ind2='0' tag='650'><subfield code='a'>Prizes (Property captured at sea)</subfield><subfield code='z'>Great Britain.</subfield></datafield><datafield ind1='1' ind2=' ' tag='700'><subfield code='a'>Hardy, Thomas,</subfield><subfield code='d'>1840-1928,</subfield><subfield code='e'>respondent.</subfield></datafield><datafield ind1='1' ind2=' ' tag='710'><subfield code='a'>Great Britain.</subfield><subfield code='b'>High Court of Appeals for Prizes.</subfield></datafield><datafield ind1='4' ind2='0' tag='856'><subfield code='u'>http://libproxy.temple.edu/login?url=http://galenet.galegroup.com/servlet/MMLT?af=RN&amp;ae=Q4200932096&amp;srchtp=a&amp;ste=14&amp;Q=temple_main</subfield><subfield code='z'>Full text online</subfield></datafield><datafield ind1=' ' ind2=' ' tag='907'><subfield code='a'>.b41703649</subfield><subfield code='b'>w    </subfield><subfield code='c'>-</subfield></datafield><datafield ind1=' ' ind2=' ' tag='902'><subfield code='a'>130412</subfield></datafield><datafield ind1=' ' ind2=' ' tag='998'><subfield code='b'>1</subfield><subfield code='c'>100110</subfield><subfield code='d'>m</subfield><subfield code='e'>m</subfield><subfield code='f'>-</subfield><subfield code='g'>0</subfield></datafield><datafield ind1=' ' ind2=' ' tag='901'><subfield code='a'>4200932096</subfield></datafield><datafield ind1=' ' ind2=' ' tag='902'><subfield code='a'>Trespass.</subfield></datafield><datafield ind1=' ' ind2=' ' tag='903'><subfield code='a'>Great Britain. High Court of Appeals for Prizes.</subfield></datafield><datafield ind1=' ' ind2=' ' tag='904'><subfield code='a'>Wolff, Jens., appellant.</subfield></datafield><datafield ind1=' ' ind2=' ' tag='904'><subfield code='a'>Hardy, Thomas, respondent.</subfield></datafield><datafield ind1=' ' ind2=' ' tag='905'><subfield code='a'>Civil.</subfield></datafield><datafield ind1=' ' ind2=' ' tag='945'><subfield code='l'>w    </subfield><subfield code='g'>1</subfield></datafield><datafield ind1=' ' ind2=' ' tag='ADM'><subfield code='e'>b41703649-01tuli_inst</subfield><subfield code='d'>ILS</subfield><subfield code='a'>2017-06-20 06:53:37</subfield><subfield code='c'>false</subfield></datafield><datafield ind1=' ' ind2=' ' tag='PRT'><subfield code='a'>53369190500003811</subfield><subfield code='b'>https://sandbox01-na.alma.exlibrisgroup.com/view/uresolver/01TULI_INST/openurl?u.ignore_date_coverage=true&amp;rft.mms_id=991000344659703811</subfield><subfield code='f'>Full text online</subfield><subfield code='9'>Available</subfield><subfield code='d'>MAIN</subfield><subfield code='c'>Making of Modern Law Collection Online</subfield><subfield code='8'>53369190500003811</subfield></datafield></record>