
<record xmlns='http://www.loc.gov/MARC21/slim'><leader>01502cam a22004330  4500</leader><controlfield tag='008'>690409s1969    nyu      b    00000 eng  </controlfield><controlfield tag='005'>20170825204729.0</controlfield><controlfield tag='001'>991000003389703811</controlfield><datafield ind1=' ' ind2=' ' tag='010'><subfield code='a'>69018539</subfield></datafield><datafield ind1=' ' ind2=' ' tag='035'><subfield code='a'>(PPT)b10003411-01tuli_inst</subfield></datafield><datafield ind1=' ' ind2=' ' tag='035'><subfield code='a'>ocn466950389</subfield><subfield code='9'>ExL</subfield></datafield><datafield ind1=' ' ind2=' ' tag='035'><subfield code='a'>PATG00006086B</subfield></datafield><datafield ind1=' ' ind2=' ' tag='035'><subfield code='a'>ocm00006086</subfield></datafield><datafield ind1=' ' ind2=' ' tag='035'><subfield code='a'>(OCLC)ocm00006086</subfield></datafield><datafield ind1=' ' ind2=' ' tag='040'><subfield code='a'>DLC</subfield><subfield code='c'>DLC</subfield><subfield code='d'>PPT</subfield></datafield><datafield ind1=' ' ind2=' ' tag='079'><subfield code='a'>ocm00006086</subfield></datafield><datafield ind1=' ' ind2=' ' tag='090'><subfield code='a'>E447.H53 1969</subfield></datafield><datafield ind1='1' ind2='0' tag='100'><subfield code='a'>Higginson, Thomas Wentworth,</subfield><subfield code='d'>1823-1911.</subfield></datafield><datafield ind1='0' ind2='0' tag='240'><subfield code='a'>Travellers and outlaws.</subfield><subfield code='k'>Selections</subfield></datafield><datafield ind1='1' ind2='0' tag='245'><subfield code='a'>Black rebellion;</subfield><subfield code='b'>a selection from Travellers and outlaws.</subfield></datafield><datafield ind1=' ' ind2=' ' tag='260'><subfield code='a'>New York,</subfield><subfield code='b'>Arno Press,</subfield><subfield code='c'>1969.</subfield></datafield><datafield ind1=' ' ind2=' ' tag='300'><subfield code='a'>x, 5, 116-335 p.</subfield><subfield code='c'>18 cm.</subfield></datafield><datafield ind1=' ' ind2='4' tag='440'><subfield code='a'>The American Negro, his history and literature</subfield></datafield><datafield ind1='0' ind2=' ' tag='505'><subfield code='a'>The maroons of Jamaica.--The maroons of Surinam.--Gabriel&apos;s defeat.--Denmark Vesey.--Nat Turner&apos;s insurrection.--Appendix of authorities (p. 327-335)</subfield></datafield><datafield ind1=' ' ind2='0' tag='650'><subfield code='a'>Slave insurrections</subfield><subfield code='z'>United States</subfield></datafield><datafield ind1=' ' ind2='0' tag='650'><subfield code='a'>Maroons.</subfield></datafield><datafield ind1=' ' ind2=' ' tag='902'><subfield code='a'>091123</subfield></datafield><datafield ind1=' ' ind2=' ' tag='907'><subfield code='a'>.b10003411</subfield><subfield code='b'>multi</subfield><subfield code='c'>-</subfield></datafield><datafield ind1=' ' ind2=' ' tag='935'><subfield code='a'>00000415</subfield></datafield><datafield ind1=' ' ind2=' ' tag='945'><subfield code='l'>astk </subfield><subfield code='g'>1</subfield></datafield><datafield ind1=' ' ind2=' ' tag='945'><subfield code='l'>pstk </subfield><subfield code='g'>1</subfield></datafield><datafield ind1=' ' ind2=' ' tag='945'><subfield code='l'>pstk </subfield><subfield code='a'>E185.A5 v.52</subfield><subfield code='g'>1</subfield></datafield><datafield ind1=' ' ind2=' ' tag='950'><subfield code='l'>P</subfield><subfield code='i'>01/11/90 N</subfield></datafield><datafield ind1=' ' ind2=' ' tag='950'><subfield code='l'>AMB</subfield><subfield code='a'>E447</subfield><subfield code='b'>.H53 1969</subfield><subfield code='i'>01/11/90 N</subfield><subfield code='h'>01/01/01 N</subfield></datafield><datafield ind1=' ' ind2=' ' tag='955'><subfield code='l'>P</subfield><subfield code='c'>0</subfield><subfield code='i'>01/11/90 C</subfield></datafield><datafield ind1=' ' ind2=' ' tag='955'><subfield code='l'>AMB</subfield><subfield code='c'>0</subfield><subfield code='r'>844064   pr7801</subfield><subfield code='h'>08/22/85 C</subfield></datafield><datafield ind1=' ' ind2=' ' tag='979'><subfield code='a'>ocm00006086</subfield></datafield><datafield ind1=' ' ind2=' ' tag='998'><subfield code='b'>3</subfield><subfield code='c'>990101</subfield><subfield code='d'>m</subfield><subfield code='e'>a</subfield><subfield code='f'>-</subfield><subfield code='g'>0</subfield></datafield><datafield ind1=' ' ind2=' ' tag='998'><subfield code='a'>01/11/90</subfield><subfield code='t'>c</subfield><subfield code='s'>9125</subfield><subfield code='n'>PPT</subfield><subfield code='w'>DCLC6918539B</subfield><subfield code='d'>05/20/83</subfield><subfield code='b'>SN</subfield><subfield code='i'>900111</subfield><subfield code='h'>850822</subfield><subfield code='l'>PATG</subfield></datafield><datafield ind1=' ' ind2=' ' tag='ADM'><subfield code='b'>2017-08-26 00:47:29</subfield><subfield code='e'>b10003411-01tuli_inst</subfield><subfield code='d'>ILS</subfield><subfield code='a'>2017-06-20 07:05:23</subfield><subfield code='c'>false</subfield></datafield><datafield ind1='0' ind2=' ' tag='HLD'><subfield code='b'>AMBLER</subfield><subfield code='c'>stacks</subfield><subfield code='h'>E447.H53 1969</subfield><subfield code='8'>22260616450003811</subfield></datafield><datafield ind1='0' ind2=' ' tag='HLD'><subfield code='b'>MAIN</subfield><subfield code='c'>stacks</subfield><subfield code='h'>E447.H53 1969</subfield><subfield code='8'>22260616430003811</subfield></datafield><datafield ind1=' ' ind2=' ' tag='ITM'><subfield code='r'>22260616450003811</subfield><subfield code='b'>1</subfield><subfield code='h'>0</subfield><subfield code='g'>stacks</subfield><subfield code='t'>BOOK</subfield><subfield code='9'>39074002634541</subfield><subfield code='e'>stacks</subfield><subfield code='8'>23260616440003811</subfield><subfield code='a'>0</subfield><subfield code='q'>2017-06-20 07:05:23</subfield><subfield code='i'>E447.H53 1969</subfield><subfield code='d'>AMBLER</subfield><subfield code='f'>AMBLER</subfield></datafield><datafield ind1=' ' ind2=' ' tag='ITM'><subfield code='r'>22260616430003811</subfield><subfield code='b'>0</subfield><subfield code='u'>MISSING</subfield><subfield code='h'>0</subfield><subfield code='g'>stacks</subfield><subfield code='t'>BOOK</subfield><subfield code='9'>39074002181972</subfield><subfield code='e'>stacks</subfield><subfield code='8'>23260616420003811</subfield><subfield code='a'>0</subfield><subfield code='q'>2017-06-20 07:05:23</subfield><subfield code='i'>E447.H53 1969</subfield><subfield code='d'>MAIN</subfield><subfield code='f'>MAIN</subfield></datafield></record>