
<record xmlns='http://www.loc.gov/MARC21/slim'><leader>01343cam a22003731  4500</leader><controlfield tag='005'>20170825175148.0</controlfield><controlfield tag='008'>891114s1969    nyu           00 10 eng d</controlfield><controlfield tag='001'>991002738369703811</controlfield><datafield ind1=' ' ind2=' ' tag='035'><subfield code='a'>(PPT)b18323261-01tuli_inst</subfield></datafield><datafield ind1=' ' ind2=' ' tag='035'><subfield code='a'>ocn483113464</subfield><subfield code='9'>ExL</subfield></datafield><datafield ind1=' ' ind2=' ' tag='035'><subfield code='a'>PATW89-B09140</subfield></datafield><datafield ind1=' ' ind2=' ' tag='035'><subfield code='a'>ocm55129097</subfield></datafield><datafield ind1=' ' ind2=' ' tag='035'><subfield code='a'>(OCLC)ocm55129097</subfield></datafield><datafield ind1=' ' ind2=' ' tag='040'><subfield code='a'>PSt</subfield><subfield code='c'>PSt</subfield><subfield code='d'>PPT-B</subfield></datafield><datafield ind1=' ' ind2=' ' tag='043'><subfield code='a'>n-us---</subfield></datafield><datafield ind1=' ' ind2=' ' tag='079'><subfield code='a'>ocm55129097</subfield></datafield><datafield ind1=' ' ind2=' ' tag='090'><subfield code='a'>E447.H53x 1969</subfield></datafield><datafield ind1='1' ind2='0' tag='100'><subfield code='a'>Higginson, Thomas Wentworth,</subfield><subfield code='d'>1823-1911.</subfield></datafield><datafield ind1='1' ind2='0' tag='245'><subfield code='a'>Black rebellion /</subfield><subfield code='c'>Thomas Wentworth Higginson ; with a new preface by James M. McPherson.</subfield></datafield><datafield ind1=' ' ind2=' ' tag='260'><subfield code='a'>New York :</subfield><subfield code='b'>Arno Press and New York Times,</subfield><subfield code='c'>1969.</subfield></datafield><datafield ind1=' ' ind2=' ' tag='300'><subfield code='a'>xii, 223 p. ;</subfield><subfield code='c'>21cm.</subfield></datafield><datafield ind1=' ' ind2='4' tag='440'><subfield code='a'>The American Negro, his history and literature.</subfield></datafield><datafield ind1='0' ind2=' ' tag='505'><subfield code='a'>The maroons of Jamaica.--The maroons of Surinam.--Gabriel&apos;s Defeat.--Denmark Vesey.--Nat Turner&apos;s Insurrection.--Appendix of authorities (p.215-223).</subfield></datafield><datafield ind1=' ' ind2='0' tag='650'><subfield code='a'>Maroons.</subfield></datafield><datafield ind1=' ' ind2='0' tag='650'><subfield code='a'>Slave insurrections</subfield><subfield code='z'>United States</subfield></datafield><datafield ind1=' ' ind2=' ' tag='902'><subfield code='a'>130221</subfield></datafield><datafield ind1=' ' ind2=' ' tag='907'><subfield code='a'>.b18323261</subfield><subfield code='b'>b    </subfield><subfield code='c'>-</subfield></datafield><datafield ind1=' ' ind2=' ' tag='935'><subfield code='a'>00611156</subfield></datafield><datafield ind1=' ' ind2=' ' tag='945'><subfield code='l'>b    </subfield><subfield code='g'>1</subfield></datafield><datafield ind1=' ' ind2=' ' tag='950'><subfield code='l'>BLOC</subfield><subfield code='h'>11/14/89 C</subfield></datafield><datafield ind1=' ' ind2=' ' tag='955'><subfield code='l'>BLOC</subfield><subfield code='c'>1</subfield><subfield code='s'>Rare.</subfield><subfield code='h'>11/14/89 C</subfield></datafield><datafield ind1=' ' ind2=' ' tag='979'><subfield code='a'>ocm55129097</subfield></datafield><datafield ind1=' ' ind2=' ' tag='998'><subfield code='b'>1</subfield><subfield code='c'>990101</subfield><subfield code='d'>m</subfield><subfield code='e'>a</subfield><subfield code='f'>-</subfield><subfield code='g'>0</subfield></datafield><datafield ind1=' ' ind2=' ' tag='998'><subfield code='a'>12/07/89</subfield><subfield code='t'>c</subfield><subfield code='s'>9665</subfield><subfield code='n'>PPT-B</subfield><subfield code='w'>PASGPSU49410B</subfield><subfield code='d'>11/14/89</subfield><subfield code='c'>JU</subfield><subfield code='b'>MJ</subfield><subfield code='i'>891207</subfield><subfield code='h'>891114</subfield><subfield code='l'>PATW</subfield></datafield><datafield ind1=' ' ind2=' ' tag='ADM'><subfield code='b'>2017-08-25 21:51:48</subfield><subfield code='e'>b18323261-01tuli_inst</subfield><subfield code='d'>ILS</subfield><subfield code='a'>2017-06-20 06:14:51</subfield><subfield code='c'>false</subfield></datafield><datafield ind1='0' ind2=' ' tag='HLD'><subfield code='b'>BLOCKSON</subfield><subfield code='c'>rarestacks</subfield><subfield code='h'>E447.H53x 1969</subfield><subfield code='8'>22243974070003811</subfield></datafield><datafield ind1=' ' ind2=' ' tag='ITM'><subfield code='r'>22243974070003811</subfield><subfield code='b'>1</subfield><subfield code='h'>0</subfield><subfield code='g'>rarestacks</subfield><subfield code='t'>BOOK</subfield><subfield code='e'>rarestacks</subfield><subfield code='8'>23243974060003811</subfield><subfield code='a'>4</subfield><subfield code='q'>2017-06-20 06:14:51</subfield><subfield code='i'>E447.H53x 1969</subfield><subfield code='d'>BLOCKSON</subfield><subfield code='f'>BLOCKSON</subfield></datafield></record>