
<record xmlns='http://www.loc.gov/MARC21/slim'><leader>02263nam a2200445   4500</leader><controlfield tag='005'>20170825194758.0</controlfield><controlfield tag='008'>941121s1971    cau      b    000 0 eng  </controlfield><controlfield tag='001'>991020711999703811</controlfield><datafield ind1=' ' ind2=' ' tag='010'><subfield code='a'>79154810</subfield></datafield><datafield ind1=' ' ind2=' ' tag='020'><subfield code='a'>0534000177</subfield></datafield><datafield ind1=' ' ind2=' ' tag='035'><subfield code='a'>(PPT)b14260712-01tuli_inst</subfield></datafield><datafield ind1=' ' ind2=' ' tag='035'><subfield code='a'>(CStRLIN)ocn471417342</subfield><subfield code='9'>ExL</subfield></datafield><datafield ind1=' ' ind2=' ' tag='035'><subfield code='a'>PATG94-B42163</subfield></datafield><datafield ind1=' ' ind2=' ' tag='035'><subfield code='a'>ocm00147816</subfield></datafield><datafield ind1=' ' ind2=' ' tag='035'><subfield code='a'>(OCLC)ocm00147816</subfield></datafield><datafield ind1=' ' ind2=' ' tag='040'><subfield code='d'>PPT</subfield></datafield><datafield ind1=' ' ind2=' ' tag='043'><subfield code='a'>n-us---</subfield></datafield><datafield ind1=' ' ind2=' ' tag='079'><subfield code='a'>ocm00147816</subfield></datafield><datafield ind1=' ' ind2=' ' tag='090'><subfield code='a'>E447</subfield><subfield code='b'>.B7</subfield></datafield><datafield ind1='1' ind2=' ' tag='100'><subfield code='a'>Bracey, John H.</subfield></datafield><datafield ind1='1' ind2='0' tag='245'><subfield code='a'>American slavery:</subfield><subfield code='b'>the question of resistance.</subfield><subfield code='c'>Edited by John H. Bracey, Jr., August Meier [and] Elliott Rudwick.</subfield></datafield><datafield ind1=' ' ind2=' ' tag='260'><subfield code='a'>Belmont, Calif.,</subfield><subfield code='b'>Wadsworth Pub. Co.</subfield><subfield code='c'>[1971]</subfield></datafield><datafield ind1=' ' ind2=' ' tag='300'><subfield code='a'>202 p.</subfield><subfield code='c'>21 cm.</subfield></datafield><datafield ind1='1' ind2=' ' tag='490'><subfield code='a'>Wadsworth series: explorations in the Black experience</subfield></datafield><datafield ind1=' ' ind2=' ' tag='504'><subfield code='a'>Includes bibliographical references.</subfield></datafield><datafield ind1='0' ind2=' ' tag='505'><subfield code='a'>Racial problems, adjustments and disturbances, by U. B. Phillips.--American slave insurrections before 1861, by H. Wish.--Day to day resistance to slavery, by R. A. Bauer and A. H. Bauer.--A troublesome property, by K. M. Stampp.--Slave personality and the concentration camp analogy, by S. Elkins.--Chattel slavery and concentration camps, by E. E. Thorpe.--Rebelliousness and docility in the Negro slave: a critique of the Elkins thesis, by E. D. Genovese.--On Denmark Vesey, by H. Aptheker.--The Vesey plot: a reconsideration, by R. C. Wade.--Denmark Vesey&apos;s slave conspiracy of 1822: a study in rebellion and repression, by R. S. Starobin.--Religion, acculturation, and American Negro slave rebellions: Gabriel&apos;s Insurrection, by G. Mullin.--Resistance to slavery, by G. M. Fredrickson and C. Lasch.--The general causes of Jamaican slave revolts, by H. O. Patterson.</subfield></datafield><datafield ind1=' ' ind2='0' tag='650'><subfield code='a'>Slave insurrections</subfield><subfield code='z'>United States</subfield></datafield><datafield ind1='1' ind2=' ' tag='700'><subfield code='a'>Meier, August,</subfield><subfield code='d'>1923-2003.</subfield></datafield><datafield ind1='1' ind2=' ' tag='700'><subfield code='a'>Rudwick, Elliott M.</subfield></datafield><datafield ind1=' ' ind2='0' tag='830'><subfield code='a'>Explorations in the Black experience.</subfield></datafield><datafield ind1=' ' ind2=' ' tag='902'><subfield code='a'>150710</subfield></datafield><datafield ind1=' ' ind2=' ' tag='907'><subfield code='a'>.b14260712</subfield><subfield code='b'>p    </subfield><subfield code='c'>-</subfield></datafield><datafield ind1=' ' ind2=' ' tag='935'><subfield code='a'>00459675</subfield></datafield><datafield ind1=' ' ind2=' ' tag='945'><subfield code='l'>pstk </subfield><subfield code='g'>1</subfield></datafield><datafield ind1=' ' ind2=' ' tag='945'><subfield code='l'>pstk </subfield><subfield code='g'>1</subfield></datafield><datafield ind1=' ' ind2=' ' tag='950'><subfield code='l'>P</subfield><subfield code='i'>11/21/94 N</subfield></datafield><datafield ind1=' ' ind2=' ' tag='955'><subfield code='l'>P</subfield><subfield code='c'>0</subfield><subfield code='i'>11/21/94 C</subfield></datafield><datafield ind1=' ' ind2=' ' tag='979'><subfield code='a'>ocm00147816</subfield></datafield><datafield ind1=' ' ind2=' ' tag='998'><subfield code='b'>2</subfield><subfield code='c'>990101</subfield><subfield code='d'>m</subfield><subfield code='e'>a</subfield><subfield code='f'>-</subfield><subfield code='g'>0</subfield></datafield><datafield ind1=' ' ind2=' ' tag='998'><subfield code='a'>11/21/94</subfield><subfield code='t'>c</subfield><subfield code='s'>9110</subfield><subfield code='n'>PPT</subfield><subfield code='w'>DCLC79154810B</subfield><subfield code='d'>11/21/94</subfield><subfield code='b'>DH</subfield><subfield code='i'>941121</subfield><subfield code='l'>PATG</subfield></datafield><datafield ind1=' ' ind2=' ' tag='ADM'><subfield code='b'>2017-08-25 23:47:58</subfield><subfield code='e'>b14260712-01tuli_inst</subfield><subfield code='d'>ILS</subfield><subfield code='a'>2017-06-20 12:23:11</subfield><subfield code='c'>false</subfield></datafield><datafield ind1='0' ind2=' ' tag='HLD'><subfield code='b'>MAIN</subfield><subfield code='c'>stacks</subfield><subfield code='h'>E447</subfield><subfield code='i'>.B7</subfield><subfield code='8'>22317799860003811</subfield></datafield><datafield ind1=' ' ind2=' ' tag='ITM'><subfield code='r'>22317799860003811</subfield><subfield code='b'>1</subfield><subfield code='h'>0</subfield><subfield code='g'>stacks</subfield><subfield code='t'>BOOK</subfield><subfield code='9'>39074006028344</subfield><subfield code='e'>stacks</subfield><subfield code='8'>23317799850003811</subfield><subfield code='a'>0</subfield><subfield code='q'>2017-06-20 12:23:11</subfield><subfield code='i'>E447 .B7</subfield><subfield code='d'>MAIN</subfield><subfield code='f'>MAIN</subfield></datafield></record>