
<record xmlns='http://www.loc.gov/MARC21/slim'><leader>02735cam  2200445 i 4500</leader><controlfield tag='005'>20171114132823.0</controlfield><controlfield tag='008'>151006s2016    scuab    b    001 0 eng  </controlfield><controlfield tag='001'>991036835173103811</controlfield><datafield ind1=' ' ind2=' ' tag='010'><subfield code='a'>  2015022521</subfield></datafield><datafield ind1=' ' ind2=' ' tag='020'><subfield code='a'>9781611176032</subfield><subfield code='q'>(hardbound ;</subfield><subfield code='q'>alk. paper)</subfield></datafield><datafield ind1=' ' ind2=' ' tag='020'><subfield code='a'>1611176034</subfield><subfield code='q'>(hardbound ;</subfield><subfield code='q'>alk. paper)</subfield></datafield><datafield ind1=' ' ind2=' ' tag='020'><subfield code='z'>9781611176049</subfield><subfield code='q'>(ebook)</subfield></datafield><datafield ind1=' ' ind2=' ' tag='035'><subfield code='a'>(OCoLC)923665342</subfield></datafield><datafield ind1=' ' ind2=' ' tag='040'><subfield code='a'>DLC</subfield><subfield code='b'>eng</subfield><subfield code='e'>rda</subfield><subfield code='c'>DLC</subfield><subfield code='d'>STF</subfield><subfield code='d'>BDX</subfield><subfield code='d'>YDXCP</subfield><subfield code='d'>BTCTA</subfield><subfield code='d'>OCLCQ</subfield></datafield><datafield ind1=' ' ind2=' ' tag='042'><subfield code='a'>pcc</subfield></datafield><datafield ind1=' ' ind2=' ' tag='043'><subfield code='a'>n-us---</subfield></datafield><datafield ind1='0' ind2='0' tag='050'><subfield code='a'>E449</subfield><subfield code='b'>.G175 2016</subfield></datafield><datafield ind1='0' ind2='0' tag='082'><subfield code='a'>071/.3</subfield><subfield code='2'>23</subfield></datafield><datafield ind1='1' ind2=' ' tag='100'><subfield code='a'>Gabrial, Brian,</subfield><subfield code='e'>author.</subfield></datafield><datafield ind1='1' ind2='4' tag='245'><subfield code='a'>The press and slavery in America, 1791-1859 :</subfield><subfield code='b'>the melancholy effect of popular excitement /</subfield><subfield code='c'>Brian Gabrial.</subfield></datafield><datafield ind1=' ' ind2='1' tag='264'><subfield code='a'>Columbia, South Carolina :</subfield><subfield code='b'>The University of South Carolina Press,</subfield><subfield code='c'>[2016]</subfield></datafield><datafield ind1=' ' ind2=' ' tag='300'><subfield code='a'>xvii, 238 pages :</subfield><subfield code='b'>illustrations, maps ;</subfield><subfield code='c'>24 cm</subfield></datafield><datafield ind1=' ' ind2=' ' tag='336'><subfield code='a'>text</subfield><subfield code='b'>txt</subfield><subfield code='2'>rdacontent</subfield></datafield><datafield ind1=' ' ind2=' ' tag='337'><subfield code='a'>unmediated</subfield><subfield code='b'>n</subfield><subfield code='2'>rdamedia</subfield></datafield><datafield ind1=' ' ind2=' ' tag='338'><subfield code='a'>volume</subfield><subfield code='b'>nc</subfield><subfield code='2'>rdacarrier</subfield></datafield><datafield ind1=' ' ind2=' ' tag='504'><subfield code='a'>Includes bibliographical references (pages 223-232) and index.</subfield></datafield><datafield ind1='0' ind2=' ' tag='505'><subfield code='a'>Racism and slavery in America -- The press and slave troubles in America -- Haiti in 1791, Gabriel Prosser&apos;s 1800 conspiracy, and the 1811 German coast slave revolt -- Denmark Vesey&apos;s 1822 conspiracy and Nat Turner&apos;s 1831 slave revolt -- Slavery, the press, and America&apos;s transformation, 1831-59 -- John Brown&apos;s &quot;Greatest or principal object&quot; -- From madman to martyr : John Brown&apos;s transformation in the northern antislavery press -- Media discourses about slavery -- Dealing with slavery&apos;s enemies -- A racial panic -- Maintaining slavery -- Slavery divides the nation -- Slavery&apos;s immorality and destruction of civil liberties -- Slavery destroys freedom of the press -- The press and slavery&apos;s legacy.</subfield></datafield><datafield ind1=' ' ind2='0' tag='650'><subfield code='a'>Slavery</subfield><subfield code='x'>Press coverage</subfield><subfield code='z'>United States</subfield><subfield code='x'>History</subfield><subfield code='y'>19th century.</subfield></datafield><datafield ind1=' ' ind2='0' tag='650'><subfield code='a'>Antislavery movements</subfield><subfield code='x'>Press coverage</subfield><subfield code='z'>United States</subfield><subfield code='x'>History</subfield><subfield code='y'>19th century.</subfield></datafield><datafield ind1=' ' ind2='0' tag='650'><subfield code='a'>Antislavery movements</subfield><subfield code='z'>United States</subfield><subfield code='x'>Periodicals</subfield><subfield code='x'>History</subfield><subfield code='y'>19th century.</subfield></datafield><datafield ind1=' ' ind2='0' tag='650'><subfield code='a'>Antislavery movements</subfield><subfield code='z'>United States</subfield><subfield code='x'>History</subfield><subfield code='y'>19th century.</subfield></datafield><datafield ind1=' ' ind2='0' tag='650'><subfield code='a'>Journalism</subfield><subfield code='x'>Political aspects</subfield><subfield code='z'>United States</subfield><subfield code='x'>History</subfield><subfield code='y'>19th century.</subfield></datafield><datafield ind1=' ' ind2='0' tag='650'><subfield code='a'>Mass media and public opinion</subfield><subfield code='z'>United States</subfield><subfield code='x'>History</subfield><subfield code='y'>19th century.</subfield></datafield><datafield ind1=' ' ind2='0' tag='650'><subfield code='a'>Mass media and race relations</subfield><subfield code='z'>United States</subfield><subfield code='x'>History</subfield><subfield code='y'>19th century.</subfield></datafield><datafield ind1=' ' ind2='0' tag='650'><subfield code='a'>Public opinion</subfield><subfield code='z'>United States</subfield><subfield code='x'>History</subfield><subfield code='y'>19th century.</subfield></datafield><datafield ind1=' ' ind2='0' tag='650'><subfield code='a'>American newspapers</subfield><subfield code='x'>History</subfield><subfield code='y'>19th century.</subfield></datafield><datafield ind1=' ' ind2=' ' tag='960'><subfield code='k'>BLOCKSON</subfield><subfield code='g'>MONOGRAPH</subfield><subfield code='l'>rarestacks</subfield><subfield code='o'>1</subfield><subfield code='q'>091317</subfield><subfield code='s'>49.99</subfield><subfield code='u'>5ablf</subfield><subfield code='v'>coutt</subfield></datafield><datafield ind1=' ' ind2=' ' tag='961'><subfield code='f'>acqrat</subfield><subfield code='h'>Allow Duplication WANT THE PRINT VERSION</subfield><subfield code='i'>32873900</subfield></datafield><datafield ind1=' ' ind2=' ' tag='979'><subfield code='a'>(OCoLC)923665342</subfield></datafield><datafield ind1=' ' ind2=' ' tag='979'><subfield code='a'>991036835173103811</subfield></datafield><datafield ind1=' ' ind2=' ' tag='997'><subfield code='a'>20171108155032.0</subfield><subfield code='c'>AB</subfield><subfield code='s'>DLC</subfield><subfield code='d'>TEU</subfield><subfield code='e'>WCAT</subfield><subfield code='e'>MARCIVE</subfield></datafield><datafield ind1=' ' ind2=' ' tag='ADM'><subfield code='b'>2018-01-13 08:36:22</subfield><subfield code='e'>991036835173103811</subfield><subfield code='d'>MARCIVE</subfield><subfield code='f'>20171114132823.0</subfield><subfield code='a'>2017-09-13 19:30:27</subfield><subfield code='c'>false</subfield></datafield><datafield ind1='0' ind2=' ' tag='HLD'><subfield code='b'>BLOCKSON</subfield><subfield code='c'>rarestacks</subfield><subfield code='h'>E449</subfield><subfield code='i'>.G175 2016</subfield><subfield code='8'>22400849170003811</subfield></datafield><datafield ind1=' ' ind2=' ' tag='ITM'><subfield code='r'>22400849170003811</subfield><subfield code='b'>1</subfield><subfield code='h'>0</subfield><subfield code='g'>rarestacks</subfield><subfield code='t'>BOOK</subfield><subfield code='9'>39074025683574</subfield><subfield code='e'>rarestacks</subfield><subfield code='8'>23400849160003811</subfield><subfield code='j'>0</subfield><subfield code='a'>3</subfield><subfield code='q'>2017-09-13 19:30:50</subfield><subfield code='i'>E449 .G175 2016</subfield><subfield code='d'>BLOCKSON</subfield><subfield code='f'>BLOCKSON</subfield></datafield></record>