
<record xmlns='http://www.loc.gov/MARC21/slim'><leader>02304cam a2200481 a 4500</leader><controlfield tag='005'>20170826001815.0</controlfield><controlfield tag='008'>050413s2006    laua     b   s001 0 eng  </controlfield><controlfield tag='001'>991012257259703811</controlfield><datafield ind1=' ' ind2=' ' tag='010'><subfield code='a'>2005010249</subfield></datafield><datafield ind1=' ' ind2=' ' tag='020'><subfield code='a'>0807131091 (alk. paper)</subfield></datafield><datafield ind1=' ' ind2=' ' tag='035'><subfield code='a'>(PPT)b29984890-01tuli_inst</subfield></datafield><datafield ind1=' ' ind2=' ' tag='035'><subfield code='a'>ocn491575080</subfield><subfield code='9'>ExL</subfield></datafield><datafield ind1=' ' ind2=' ' tag='035'><subfield code='a'>PPTb29984890</subfield></datafield><datafield ind1=' ' ind2=' ' tag='035'><subfield code='a'>ocm59756395</subfield></datafield><datafield ind1=' ' ind2=' ' tag='035'><subfield code='a'>(OCLC)ocm59756395</subfield></datafield><datafield ind1=' ' ind2=' ' tag='040'><subfield code='a'>DLC</subfield><subfield code='c'>DLC</subfield><subfield code='d'>DLC</subfield></datafield><datafield ind1=' ' ind2=' ' tag='043'><subfield code='a'>n-us---</subfield></datafield><datafield ind1=' ' ind2=' ' tag='079'><subfield code='a'>ocm59756395</subfield></datafield><datafield ind1=' ' ind2=' ' tag='090'><subfield code='a'>E447</subfield><subfield code='b'>.R83 2006</subfield></datafield><datafield ind1='1' ind2=' ' tag='100'><subfield code='a'>Rucker, Walter C.,</subfield><subfield code='d'>1970-</subfield></datafield><datafield ind1='1' ind2='4' tag='245'><subfield code='a'>The river flows on :</subfield><subfield code='b'>Black resistance, culture, and identity formation in early America /</subfield><subfield code='c'>Walter C. Rucker.</subfield></datafield><datafield ind1=' ' ind2=' ' tag='260'><subfield code='a'>Baton Rouge :</subfield><subfield code='b'>Louisiana State University Press,</subfield><subfield code='c'>c2006.</subfield></datafield><datafield ind1=' ' ind2=' ' tag='300'><subfield code='a'>xii, 288 p. :</subfield><subfield code='b'>ill. ;</subfield><subfield code='c'>24 cm.</subfield></datafield><datafield ind1=' ' ind2='0' tag='440'><subfield code='a'>Antislavery, abolition, and the Atlantic world.</subfield></datafield><datafield ind1=' ' ind2=' ' tag='504'><subfield code='a'>Includes bibliographical references (p. 257-279) and index.</subfield></datafield><datafield ind1='0' ind2=' ' tag='505'><subfield code='a'>Fires of discontent, echoes of Africa : the 1712 New York City revolt -- &quot;Only draw in your countrymen&quot; : the 1741 New York City conspiracy revisited -- Dance, conjure, and flight : culture and resistance in colonial South Carolina -- &quot;We will wade to our knees in blood&quot; : blacksmiths and ritual spaces in Gabriel Prosser&apos;s conspiracy -- &quot;I will gather all nations&quot; : ethnic collaboration in Denmark Vesey&apos;s Charleston plot -- &quot;I was ordained for some great purpose&quot; : conjure, Christianity, and Nat Turner&apos;s revolt -- Folklore and the creation of an African American identity.</subfield></datafield><datafield ind1=' ' ind2='0' tag='650'><subfield code='a'>Slave insurrections</subfield><subfield code='z'>United States.</subfield></datafield><datafield ind1=' ' ind2='0' tag='650'><subfield code='a'>Government, Resistance to</subfield><subfield code='z'>United States</subfield><subfield code='x'>History.</subfield></datafield><datafield ind1=' ' ind2='0' tag='650'><subfield code='a'>Slaves</subfield><subfield code='z'>United States</subfield><subfield code='x'>Social conditions.</subfield></datafield><datafield ind1=' ' ind2='0' tag='650'><subfield code='a'>African Americans</subfield><subfield code='x'>History</subfield><subfield code='y'>To 1863.</subfield></datafield><datafield ind1=' ' ind2='0' tag='650'><subfield code='a'>African Americans</subfield><subfield code='x'>Social life and customs.</subfield></datafield><datafield ind1=' ' ind2='0' tag='650'><subfield code='a'>African Americans</subfield><subfield code='x'>Race identity.</subfield></datafield><datafield ind1=' ' ind2='0' tag='650'><subfield code='a'>African Americans</subfield><subfield code='x'>Rites and ceremonies.</subfield></datafield><datafield ind1=' ' ind2='0' tag='650'><subfield code='a'>Folklore</subfield><subfield code='x'>Political aspects</subfield><subfield code='z'>United States</subfield><subfield code='x'>History.</subfield></datafield><datafield ind1=' ' ind2='0' tag='651'><subfield code='a'>United States</subfield><subfield code='x'>History</subfield><subfield code='y'>Colonial period, ca. 1600-1775.</subfield></datafield><datafield ind1=' ' ind2='0' tag='651'><subfield code='a'>United States</subfield><subfield code='x'>Race relations.</subfield></datafield><datafield ind1=' ' ind2=' ' tag='902'><subfield code='a'>131203</subfield></datafield><datafield ind1=' ' ind2=' ' tag='907'><subfield code='a'>.b29984890</subfield><subfield code='b'>multi</subfield><subfield code='c'>-</subfield></datafield><datafield ind1=' ' ind2=' ' tag='945'><subfield code='l'>b    </subfield><subfield code='g'>1</subfield></datafield><datafield ind1=' ' ind2=' ' tag='945'><subfield code='l'>pstk </subfield><subfield code='g'>1</subfield></datafield><datafield ind1=' ' ind2=' ' tag='979'><subfield code='a'>ocm59756395</subfield></datafield><datafield ind1=' ' ind2=' ' tag='998'><subfield code='b'>4</subfield><subfield code='c'>060911</subfield><subfield code='d'>m</subfield><subfield code='e'>a</subfield><subfield code='f'>-</subfield><subfield code='g'>4</subfield></datafield><datafield ind1=' ' ind2=' ' tag='998'><subfield code='a'>09/11/06</subfield><subfield code='s'>LC</subfield><subfield code='c'>AT</subfield></datafield><datafield ind1=' ' ind2=' ' tag='ADM'><subfield code='b'>2017-08-26 04:18:15</subfield><subfield code='e'>b29984890-01tuli_inst</subfield><subfield code='d'>ILS</subfield><subfield code='a'>2017-06-20 12:34:51</subfield><subfield code='c'>false</subfield></datafield><datafield ind1='0' ind2=' ' tag='HLD'><subfield code='b'>BLOCKSON</subfield><subfield code='c'>rarestacks</subfield><subfield code='h'>E447</subfield><subfield code='i'>.R83 2006</subfield><subfield code='8'>22319130640003811</subfield></datafield><datafield ind1='0' ind2=' ' tag='HLD'><subfield code='b'>MAIN</subfield><subfield code='c'>stacks</subfield><subfield code='h'>E447</subfield><subfield code='i'>.R83 2006</subfield><subfield code='8'>22319130660003811</subfield></datafield><datafield ind1=' ' ind2=' ' tag='ITM'><subfield code='r'>22319130660003811</subfield><subfield code='b'>1</subfield><subfield code='h'>0</subfield><subfield code='g'>stacks</subfield><subfield code='t'>BOOK</subfield><subfield code='9'>39074020484283</subfield><subfield code='e'>stacks</subfield><subfield code='8'>23319130650003811</subfield><subfield code='a'>0</subfield><subfield code='q'>2017-06-20 12:34:51</subfield><subfield code='i'>E447 .R83 2006</subfield><subfield code='d'>MAIN</subfield><subfield code='f'>MAIN</subfield></datafield><datafield ind1=' ' ind2=' ' tag='ITM'><subfield code='r'>22319130640003811</subfield><subfield code='b'>1</subfield><subfield code='h'>0</subfield><subfield code='g'>rarestacks</subfield><subfield code='t'>BOOK</subfield><subfield code='e'>rarestacks</subfield><subfield code='8'>23319130630003811</subfield><subfield code='a'>4</subfield><subfield code='q'>2017-06-20 12:34:51</subfield><subfield code='i'>E447 .R83 2006</subfield><subfield code='d'>BLOCKSON</subfield><subfield code='f'>BLOCKSON</subfield></datafield></record>