
<record xmlns='http://www.loc.gov/MARC21/slim'><leader>02673pam a2200529 a 4500</leader><controlfield tag='005'>20170825213335.0</controlfield><controlfield tag='008'>020220s2002    nyu      b    001 0 eng  </controlfield><controlfield tag='001'>991033147409703811</controlfield><datafield ind1=' ' ind2=' ' tag='010'><subfield code='a'>2002002621</subfield></datafield><datafield ind1=' ' ind2=' ' tag='020'><subfield code='a'>0415931223 (alk. paper)</subfield></datafield><datafield ind1=' ' ind2=' ' tag='035'><subfield code='a'>(PPT)b26012327-01tuli_inst</subfield></datafield><datafield ind1=' ' ind2=' ' tag='035'><subfield code='a'>(DLC)ocn489443655</subfield><subfield code='9'>ExL</subfield></datafield><datafield ind1=' ' ind2=' ' tag='035'><subfield code='a'>DLC  2002002621</subfield></datafield><datafield ind1=' ' ind2=' ' tag='035'><subfield code='a'>ocm49225289</subfield></datafield><datafield ind1=' ' ind2=' ' tag='035'><subfield code='a'>(OCLC)ocm49225289</subfield></datafield><datafield ind1=' ' ind2=' ' tag='040'><subfield code='a'>DLC</subfield><subfield code='c'>DLC</subfield><subfield code='d'>OrLoB</subfield></datafield><datafield ind1=' ' ind2=' ' tag='043'><subfield code='a'>n-usu--</subfield></datafield><datafield ind1=' ' ind2=' ' tag='079'><subfield code='a'>ocm49225289</subfield></datafield><datafield ind1=' ' ind2=' ' tag='090'><subfield code='a'>F213</subfield><subfield code='b'>.E34 2002</subfield></datafield><datafield ind1='1' ind2=' ' tag='100'><subfield code='a'>Egerton, Douglas R.</subfield></datafield><datafield ind1='1' ind2='0' tag='245'><subfield code='a'>Rebels, reformers, &amp; revolutionaries :</subfield><subfield code='b'>collected essays and second thoughts /</subfield><subfield code='c'>Douglas R. Egerton.</subfield></datafield><datafield ind1='3' ind2=' ' tag='246'><subfield code='a'>Rebels, reformers, and revolutionaries</subfield></datafield><datafield ind1=' ' ind2=' ' tag='260'><subfield code='a'>New York ;</subfield><subfield code='a'>London :</subfield><subfield code='b'>Routledge,</subfield><subfield code='c'>2002.</subfield></datafield><datafield ind1=' ' ind2=' ' tag='300'><subfield code='a'>xiv, 254 p. ;</subfield><subfield code='c'>24 cm.</subfield></datafield><datafield ind1=' ' ind2='0' tag='440'><subfield code='a'>Crosscurrents in African American history.</subfield></datafield><datafield ind1=' ' ind2=' ' tag='504'><subfield code='a'>Includes bibliographical references (p. 191-245) and index.</subfield></datafield><datafield ind1='0' ind2=' ' tag='505'><subfield code='a'>Black independence struggles and the tale of two revolutions -- An upright man -- Gabriel&apos;s Conspiracy and the election of 1800 -- Fly across the river : the Easter Slave Conspiracy of 1802 -- &quot;Why they did not preach up this thing&quot; : Denmark Vesey and revolutionary theology -- Charles Fenton Mercer and public education in Virginia -- &quot;Its origin is not a little curious&quot; : a new look at the American Colonization Society -- An update on Jacksonian historiography : the biographies -- Markets without a market revolution : southern planters and capitalism -- Averting a crisis : the proslavery critique of the American Colonization Society -- The Tricolor in black and white : the French Revolution in Jefferson&apos;s Virginia -- A matter of blood : Thomas Jefferson and the Hemings family.</subfield></datafield><datafield ind1=' ' ind2='0' tag='651'><subfield code='a'>Southern States</subfield><subfield code='x'>Politics and government</subfield><subfield code='y'>1775-1865.</subfield></datafield><datafield ind1=' ' ind2='0' tag='651'><subfield code='a'>Southern States</subfield><subfield code='x'>Race relations</subfield><subfield code='x'>Political aspects.</subfield></datafield><datafield ind1=' ' ind2='0' tag='650'><subfield code='a'>Slavery</subfield><subfield code='x'>Political aspects</subfield><subfield code='z'>Southern States</subfield><subfield code='x'>History.</subfield></datafield><datafield ind1=' ' ind2='0' tag='650'><subfield code='a'>Slaves</subfield><subfield code='z'>Southern States</subfield><subfield code='x'>Political activity</subfield><subfield code='x'>History.</subfield></datafield><datafield ind1=' ' ind2='0' tag='650'><subfield code='a'>Slave insurrections</subfield><subfield code='z'>Southern States</subfield><subfield code='x'>History.</subfield></datafield><datafield ind1=' ' ind2='0' tag='650'><subfield code='a'>African American social reformers</subfield><subfield code='z'>Southern States</subfield><subfield code='x'>History.</subfield></datafield><datafield ind1=' ' ind2='0' tag='650'><subfield code='a'>Social reformers</subfield><subfield code='z'>Southern States</subfield><subfield code='x'>History.</subfield></datafield><datafield ind1=' ' ind2='0' tag='650'><subfield code='a'>Revolutionaries</subfield><subfield code='z'>Southern States</subfield><subfield code='x'>History.</subfield></datafield><datafield ind1=' ' ind2='0' tag='651'><subfield code='a'>Southern States</subfield><subfield code='x'>Social conditions.</subfield></datafield><datafield ind1=' ' ind2=' ' tag='901'><subfield code='a'>BNA</subfield></datafield><datafield ind1=' ' ind2=' ' tag='901'><subfield code='a'>R7327080</subfield></datafield><datafield ind1=' ' ind2=' ' tag='902'><subfield code='a'>131029</subfield></datafield><datafield ind1=' ' ind2=' ' tag='902'><subfield code='a'>021005AB0701</subfield></datafield><datafield ind1='0' ind2='0' tag='905'><subfield code='a'>Crosscurrents in African American history</subfield></datafield><datafield ind1=' ' ind2=' ' tag='907'><subfield code='a'>.b26012327</subfield><subfield code='b'>p    </subfield><subfield code='c'>-</subfield></datafield><datafield ind1=' ' ind2=' ' tag='945'><subfield code='l'>pstk </subfield><subfield code='g'>1</subfield></datafield><datafield ind1=' ' ind2=' ' tag='945'><subfield code='l'>pstk </subfield><subfield code='g'>1</subfield></datafield><datafield ind1=' ' ind2=' ' tag='979'><subfield code='a'>ocm49225289</subfield></datafield><datafield ind1=' ' ind2=' ' tag='998'><subfield code='b'>1</subfield><subfield code='c'>021018</subfield><subfield code='d'>m</subfield><subfield code='e'>a</subfield><subfield code='f'>-</subfield><subfield code='g'>0</subfield></datafield><datafield ind1=' ' ind2=' ' tag='998'><subfield code='b'>1</subfield><subfield code='c'>021018</subfield><subfield code='d'>m</subfield><subfield code='e'>a</subfield><subfield code='f'>-</subfield><subfield code='g'>0</subfield></datafield><datafield ind1=' ' ind2=' ' tag='ADM'><subfield code='b'>2017-09-01 07:31:01</subfield><subfield code='e'>b26012327-01tuli_inst</subfield><subfield code='d'>ILS</subfield><subfield code='a'>2017-06-20 14:32:56</subfield><subfield code='c'>false</subfield></datafield><datafield ind1='0' ind2=' ' tag='HLD'><subfield code='b'>MAIN</subfield><subfield code='c'>stacks</subfield><subfield code='h'>F213</subfield><subfield code='i'>.E34 2002</subfield><subfield code='8'>22332357880003811</subfield></datafield><datafield ind1=' ' ind2=' ' tag='ITM'><subfield code='r'>22332357880003811</subfield><subfield code='b'>1</subfield><subfield code='h'>0</subfield><subfield code='g'>stacks</subfield><subfield code='t'>BOOK</subfield><subfield code='9'>39074024642142</subfield><subfield code='e'>stacks</subfield><subfield code='8'>23332357870003811</subfield><subfield code='a'>0</subfield><subfield code='q'>2017-06-20 14:32:56</subfield><subfield code='i'>F213 .E34 2002</subfield><subfield code='d'>MAIN</subfield><subfield code='f'>MAIN</subfield></datafield><datafield ind1=' ' ind2=' ' tag='ITM'><subfield code='r'>22332357880003811</subfield><subfield code='b'>1</subfield><subfield code='h'>0</subfield><subfield code='g'>stacks</subfield><subfield code='t'>BOOK</subfield><subfield code='9'>39074015367501</subfield><subfield code='e'>stacks</subfield><subfield code='8'>23332357860003811</subfield><subfield code='a'>0</subfield><subfield code='q'>2017-06-20 14:32:56</subfield><subfield code='i'>F213 .E34 2002</subfield><subfield code='d'>MAIN</subfield><subfield code='f'>MAIN</subfield></datafield></record>