
<record xmlns='http://www.loc.gov/MARC21/slim'><leader>02303nam a2200457 a 4500</leader><controlfield tag='005'>20180315124955.0</controlfield><controlfield tag='008'>940124s1994    nyu      b    001 0 eng  </controlfield><controlfield tag='001'>991031658409703811</controlfield><datafield ind1=' ' ind2=' ' tag='010'><subfield code='a'>93003238</subfield></datafield><datafield ind1=' ' ind2=' ' tag='020'><subfield code='a'>019507677X</subfield></datafield><datafield ind1=' ' ind2=' ' tag='020'><subfield code='a'>019508604X (pbk.)</subfield></datafield><datafield ind1=' ' ind2=' ' tag='035'><subfield code='a'>(PPT)b16506315-01tuli_inst</subfield></datafield><datafield ind1=' ' ind2=' ' tag='035'><subfield code='a'>(CStRLIN)ocn476489014</subfield><subfield code='9'>ExL</subfield></datafield><datafield ind1=' ' ind2=' ' tag='035'><subfield code='a'>PATW94-B00023</subfield></datafield><datafield ind1=' ' ind2=' ' tag='035'><subfield code='a'>PATG94-B01201</subfield></datafield><datafield ind1=' ' ind2=' ' tag='035'><subfield code='a'>ocm27726390</subfield></datafield><datafield ind1=' ' ind2=' ' tag='035'><subfield code='a'>(OCLC)ocm27726390</subfield></datafield><datafield ind1=' ' ind2=' ' tag='040'><subfield code='a'>DLC</subfield><subfield code='c'>DLC</subfield><subfield code='d'>DLC</subfield><subfield code='d'>NN</subfield></datafield><datafield ind1=' ' ind2=' ' tag='043'><subfield code='a'>n-us---</subfield></datafield><datafield ind1=' ' ind2=' ' tag='079'><subfield code='a'>ocm27726390</subfield></datafield><datafield ind1=' ' ind2=' ' tag='090'><subfield code='a'>NX512.3.A35S78 1994</subfield></datafield><datafield ind1=' ' ind2=' ' tag='090'><subfield code='a'>NX512.3.A35S78 1994</subfield></datafield><datafield ind1='1' ind2=' ' tag='100'><subfield code='a'>Stuckey, Sterling.</subfield></datafield><datafield ind1='1' ind2='0' tag='245'><subfield code='a'>Going through the storm :</subfield><subfield code='b'>the influence of African American art in history /</subfield><subfield code='c'>Sterling Stuckey.</subfield></datafield><datafield ind1=' ' ind2=' ' tag='260'><subfield code='a'>New York :</subfield><subfield code='b'>Oxford University Press,</subfield><subfield code='c'>1994.</subfield></datafield><datafield ind1=' ' ind2=' ' tag='300'><subfield code='a'>x, 298 p. ;</subfield><subfield code='c'>24 cm.</subfield></datafield><datafield ind1=' ' ind2=' ' tag='504'><subfield code='a'>Includes bibliographical references and index.</subfield></datafield><datafield ind1='0' ind2=' ' tag='505'><subfield code='a'>Through the prism of folklore : the Black ethos in slavery -- Remembering Denmark Vesey -- &quot;Ironic tenacity&quot; : Frederick Douglass&apos;s seizure of the dialectic -- The skies of consciousness : African dance at Pinkster in New York, 1750-1840 -- Classic Black nationalist thought -- A last stern struggle : Henry Highland Garnet and liberation theory -- Black Americans and African consciousness : Du Bois, Woodson, and the spell of Africa -- The poetry of Sterling A. Brown -- The death of Benito Cereno : a reading of Herman Melville on slavery -- &quot;Follow your leader&quot; : the theme of cannibalism in Melville&apos;s Benito Cereno -- &quot;I want to be African&quot; : Paul Robeson and the ends of nationalist theory and practice, 1914-1945 -- Paul Robeson&apos;s Here I stand -- Toward a history of Blacks in North America -- Going through the storm : the great singing movements of the sixties.</subfield></datafield><datafield ind1=' ' ind2='0' tag='650'><subfield code='a'>African American arts.</subfield></datafield><datafield ind1=' ' ind2='0' tag='650'><subfield code='a'>African Americans</subfield><subfield code='x'>History.</subfield></datafield><datafield ind1='4' ind2='0' tag='740'><subfield code='a'>The influence of African American art in history.</subfield></datafield><datafield ind1=' ' ind2=' ' tag='907'><subfield code='a'>.b16506315</subfield><subfield code='b'>multi</subfield><subfield code='c'>-</subfield></datafield><datafield ind1=' ' ind2=' ' tag='935'><subfield code='a'>00712128</subfield></datafield><datafield ind1=' ' ind2=' ' tag='935'><subfield code='a'>00708862</subfield></datafield><datafield ind1=' ' ind2=' ' tag='945'><subfield code='l'>b    </subfield><subfield code='g'>1</subfield></datafield><datafield ind1=' ' ind2=' ' tag='945'><subfield code='l'>pstk </subfield><subfield code='g'>1</subfield></datafield><datafield ind1=' ' ind2=' ' tag='950'><subfield code='l'>P</subfield><subfield code='i'>01/24/94 N</subfield></datafield><datafield ind1=' ' ind2=' ' tag='955'><subfield code='l'>P</subfield><subfield code='c'>0</subfield><subfield code='r'>39074009113663</subfield><subfield code='i'>01/24/94 C</subfield></datafield><datafield ind1=' ' ind2=' ' tag='979'><subfield code='a'>ocm27726390</subfield></datafield><datafield ind1=' ' ind2=' ' tag='998'><subfield code='b'>1</subfield><subfield code='c'>990101</subfield><subfield code='d'>m</subfield><subfield code='e'>a</subfield><subfield code='f'>-</subfield><subfield code='g'>0</subfield></datafield><datafield ind1=' ' ind2=' ' tag='998'><subfield code='a'>01/24/94</subfield><subfield code='t'>c</subfield><subfield code='s'>9110</subfield><subfield code='n'>PPT</subfield><subfield code='w'>NYPG93B76050</subfield><subfield code='d'>01/24/94</subfield><subfield code='c'>ADS</subfield><subfield code='b'>AS</subfield><subfield code='i'>940124</subfield><subfield code='l'>PATG</subfield></datafield><datafield ind1=' ' ind2=' ' tag='ADM'><subfield code='b'>2018-03-15 16:49:56</subfield><subfield code='e'>b16506315-01tuli_inst</subfield><subfield code='d'>ILS</subfield><subfield code='a'>2017-06-20 06:24:22</subfield><subfield code='c'>false</subfield></datafield><datafield ind1='0' ind2=' ' tag='HLD'><subfield code='b'>BLOCKSON</subfield><subfield code='c'>rarestacks</subfield><subfield code='h'>NX512.3.A35S78 1994</subfield><subfield code='8'>22247066740003811</subfield></datafield><datafield ind1='0' ind2=' ' tag='HLD'><subfield code='b'>MAIN</subfield><subfield code='c'>stacks</subfield><subfield code='h'>NX512.3.A35S78 1994</subfield><subfield code='8'>22247066760003811</subfield></datafield><datafield ind1=' ' ind2=' ' tag='ITM'><subfield code='r'>22247066740003811</subfield><subfield code='b'>1</subfield><subfield code='h'>0</subfield><subfield code='g'>rarestacks</subfield><subfield code='t'>BOOK</subfield><subfield code='e'>rarestacks</subfield><subfield code='8'>23247066730003811</subfield><subfield code='a'>4</subfield><subfield code='q'>2017-06-20 06:24:22</subfield><subfield code='i'>NX512.3.A35S78 1994</subfield><subfield code='d'>BLOCKSON</subfield><subfield code='f'>BLOCKSON</subfield></datafield><datafield ind1=' ' ind2=' ' tag='ITM'><subfield code='r'>22247066760003811</subfield><subfield code='b'>0</subfield><subfield code='u'>LOST_LOAN</subfield><subfield code='h'>0</subfield><subfield code='g'>stacks</subfield><subfield code='t'>BOOK</subfield><subfield code='9'>39074009113663</subfield><subfield code='e'>stacks</subfield><subfield code='8'>23247066750003811</subfield><subfield code='a'>0</subfield><subfield code='q'>2017-06-20 06:24:22</subfield><subfield code='i'>NX512.3.A35S78 1994</subfield><subfield code='d'>MAIN</subfield><subfield code='f'>MAIN</subfield></datafield></record>