
<record xmlns='http://www.loc.gov/MARC21/slim'><leader>03631cam a2200649 i 4500</leader><controlfield tag='005'>20170825214632.0</controlfield><controlfield tag='008'>150728s2015    caua     be   001 0ceng  </controlfield><controlfield tag='001'>991012411819703811</controlfield><datafield ind1=' ' ind2=' ' tag='010'><subfield code='a'>2015019658</subfield></datafield><datafield ind1=' ' ind2=' ' tag='020'><subfield code='a'>9781610696593</subfield><subfield code='q'>hardcover</subfield><subfield code='q'>alkaline paper</subfield></datafield><datafield ind1=' ' ind2=' ' tag='020'><subfield code='a'>161069659X</subfield><subfield code='q'>hardcover</subfield><subfield code='q'>alkaline paper</subfield></datafield><datafield ind1=' ' ind2=' ' tag='020'><subfield code='z'>9781610696609</subfield><subfield code='q'>electronic book</subfield></datafield><datafield ind1=' ' ind2=' ' tag='035'><subfield code='a'>(PPT)b58486343-01tuli_inst</subfield></datafield><datafield ind1=' ' ind2=' ' tag='035'><subfield code='a'>(OCoLC)ocn932004873</subfield><subfield code='9'>ExL</subfield></datafield><datafield ind1=' ' ind2=' ' tag='035'><subfield code='a'>(OCoLC)900016616</subfield></datafield><datafield ind1=' ' ind2=' ' tag='035'><subfield code='a'>ocn900016616</subfield></datafield><datafield ind1=' ' ind2=' ' tag='035'><subfield code='a'>(OCLC)ocn900016616</subfield></datafield><datafield ind1=' ' ind2=' ' tag='040'><subfield code='a'>DLC</subfield><subfield code='e'>rda</subfield><subfield code='b'>eng</subfield><subfield code='c'>DLC</subfield><subfield code='d'>YDX</subfield><subfield code='d'>YDXCP</subfield><subfield code='d'>BTCTA</subfield><subfield code='d'>BDX</subfield><subfield code='d'>ERASA</subfield><subfield code='d'>OCLCF</subfield><subfield code='d'>CDX</subfield><subfield code='d'>COO</subfield></datafield><datafield ind1=' ' ind2=' ' tag='042'><subfield code='a'>pcc</subfield></datafield><datafield ind1=' ' ind2=' ' tag='043'><subfield code='a'>n-us---</subfield></datafield><datafield ind1=' ' ind2=' ' tag='079'><subfield code='a'>ocn900016616</subfield></datafield><datafield ind1=' ' ind2=' ' tag='090'><subfield code='a'>E447</subfield><subfield code='b'>.W37 2015</subfield></datafield><datafield ind1='1' ind2=' ' tag='100'><subfield code='a'>Walters, Kerry S.,</subfield><subfield code='e'>author.</subfield></datafield><datafield ind1='1' ind2='0' tag='245'><subfield code='a'>American slave revolts and conspiracies :</subfield><subfield code='b'>a reference guide /</subfield><subfield code='c'>Kerry Walters.</subfield></datafield><datafield ind1=' ' ind2='1' tag='264'><subfield code='a'>Santa Barbara, California :</subfield><subfield code='b'>ABC-CLIO, an Imprint of ABC-CLIO, LLC,</subfield><subfield code='c'>[2015]</subfield></datafield><datafield ind1=' ' ind2=' ' tag='300'><subfield code='a'>xiii, 259 pages ;</subfield><subfield code='c'>25 cm</subfield></datafield><datafield ind1=' ' ind2=' ' tag='336'><subfield code='a'>text</subfield><subfield code='2'>rdacontent</subfield></datafield><datafield ind1=' ' ind2=' ' tag='337'><subfield code='a'>unmediated</subfield><subfield code='2'>rdamedia</subfield></datafield><datafield ind1=' ' ind2=' ' tag='338'><subfield code='a'>volume</subfield><subfield code='2'>rdacarrier</subfield></datafield><datafield ind1=' ' ind2=' ' tag='504'><subfield code='a'>Includes bibliographical references and index.</subfield></datafield><datafield ind1='0' ind2=' ' tag='505'><subfield code='a'>Chronology of events -- Prologue: Panic in Westmoreland County -- State of siege -- The Stono Revolt -- The 1741 New York conspiracy -- The Prosser conspiracy -- The German Coast Revolt -- Negro Fort resistance -- The Vesey conspiracy -- Nat Turner&apos;s Revolt -- The Cheneyville conspiracy -- The Creole Revolt -- The Second Creek conspiracy -- Biographies -- Thomas Bennett -- William Bull -- William Claiborne -- Sir Francis Cockburn -- William Lloyd Garrison -- Thomas Ruffin Gray -- James Hamilton -- Daniel Horsmanden -- James Monroe -- Solomon Northup -- Primary documents -- Stono Revolt -- The New York conspiracy -- The Prossor conspiracy -- The German Coast Revolt -- Negro Fort resistance -- The Vesey conspiracy -- Nat Turner&apos;s Revolt -- The Cheneyville conspiracy -- The Creole Revolt -- The second Creek conspiracy -- Analytical essays -- Perspectives: The Stono Rebellion -- Counterfactual essay: Gabriel Prosser&apos;s revolt -- Turning point: Nat Turner&apos;s Revolt -- Primary document essay: The condemnation of Denmark Vesey.</subfield></datafield><datafield ind1=' ' ind2='7' tag='648'><subfield code='a'>To 1899</subfield><subfield code='2'>fast</subfield></datafield><datafield ind1=' ' ind2='0' tag='650'><subfield code='a'>Slave insurrections</subfield><subfield code='z'>United States</subfield><subfield code='x'>History</subfield><subfield code='v'>Encyclopedias.</subfield></datafield><datafield ind1=' ' ind2='0' tag='650'><subfield code='a'>Slavery</subfield><subfield code='z'>United States</subfield><subfield code='x'>History</subfield><subfield code='v'>Encyclopedias.</subfield></datafield><datafield ind1=' ' ind2='0' tag='650'><subfield code='a'>Slaves</subfield><subfield code='z'>United States</subfield><subfield code='x'>Social conditions</subfield><subfield code='v'>Encyclopedias.</subfield></datafield><datafield ind1=' ' ind2='0' tag='650'><subfield code='a'>Government, Resistance to</subfield><subfield code='z'>United States</subfield><subfield code='x'>History</subfield><subfield code='v'>Encyclopedias.</subfield></datafield><datafield ind1=' ' ind2='0' tag='650'><subfield code='a'>Conspiracies</subfield><subfield code='z'>United States</subfield><subfield code='x'>History</subfield><subfield code='y'>18th century</subfield><subfield code='v'>Encyclopedias.</subfield></datafield><datafield ind1=' ' ind2='0' tag='650'><subfield code='a'>Conspiracies</subfield><subfield code='z'>United States</subfield><subfield code='x'>History</subfield><subfield code='y'>19th century</subfield><subfield code='v'>Encyclopedias.</subfield></datafield><datafield ind1=' ' ind2='0' tag='650'><subfield code='a'>Abolitionists</subfield><subfield code='z'>United States</subfield><subfield code='v'>Biography.</subfield></datafield><datafield ind1=' ' ind2='0' tag='650'><subfield code='a'>African Americans</subfield><subfield code='x'>History</subfield><subfield code='y'>To 1863</subfield><subfield code='v'>Encyclopedias.</subfield></datafield><datafield ind1=' ' ind2='7' tag='650'><subfield code='a'>Abolitionists.</subfield><subfield code='2'>fast</subfield><subfield code='0'>(OCoLC)fst00794478</subfield></datafield><datafield ind1=' ' ind2='7' tag='650'><subfield code='a'>African Americans.</subfield><subfield code='2'>fast</subfield><subfield code='0'>(OCoLC)fst00799558</subfield></datafield><datafield ind1=' ' ind2='7' tag='650'><subfield code='a'>Conspiracies.</subfield><subfield code='2'>fast</subfield><subfield code='0'>(OCoLC)fst00875715</subfield></datafield><datafield ind1=' ' ind2='7' tag='650'><subfield code='a'>Government, Resistance to.</subfield><subfield code='2'>fast</subfield><subfield code='0'>(OCoLC)fst00945663</subfield></datafield><datafield ind1=' ' ind2='7' tag='650'><subfield code='a'>Slave insurrections.</subfield><subfield code='2'>fast</subfield><subfield code='0'>(OCoLC)fst01120389</subfield></datafield><datafield ind1=' ' ind2='7' tag='650'><subfield code='a'>Slavery.</subfield><subfield code='2'>fast</subfield><subfield code='0'>(OCoLC)fst01120426</subfield></datafield><datafield ind1=' ' ind2='7' tag='650'><subfield code='a'>Slaves</subfield><subfield code='x'>Social conditions.</subfield><subfield code='2'>fast</subfield><subfield code='0'>(OCoLC)fst01120577</subfield></datafield><datafield ind1=' ' ind2='7' tag='651'><subfield code='a'>United States.</subfield><subfield code='2'>fast</subfield><subfield code='0'>(OCoLC)fst01204155</subfield></datafield><datafield ind1=' ' ind2='7' tag='655'><subfield code='a'>Biography.</subfield><subfield code='2'>fast</subfield><subfield code='0'>(OCoLC)fst01423686</subfield></datafield><datafield ind1=' ' ind2='7' tag='655'><subfield code='a'>Encyclopedias.</subfield><subfield code='2'>fast</subfield><subfield code='0'>(OCoLC)fst01423798</subfield></datafield><datafield ind1=' ' ind2='7' tag='655'><subfield code='a'>History.</subfield><subfield code='2'>fast</subfield><subfield code='0'>(OCoLC)fst01411628</subfield></datafield><datafield ind1=' ' ind2=' ' tag='902'><subfield code='a'>151215</subfield></datafield><datafield ind1=' ' ind2=' ' tag='907'><subfield code='a'>.b58486343</subfield><subfield code='b'>b    </subfield><subfield code='c'>-</subfield></datafield><datafield ind1=' ' ind2=' ' tag='945'><subfield code='l'>b    </subfield><subfield code='g'>1</subfield></datafield><datafield ind1=' ' ind2=' ' tag='979'><subfield code='a'>ocn900016616</subfield></datafield><datafield ind1=' ' ind2=' ' tag='998'><subfield code='b'>1</subfield><subfield code='c'>151124</subfield><subfield code='d'>m</subfield><subfield code='e'>a</subfield><subfield code='f'>-</subfield><subfield code='g'>0</subfield></datafield><datafield ind1=' ' ind2=' ' tag='998'><subfield code='a'>11/24/15</subfield><subfield code='s'>OCLC</subfield><subfield code='c'>AB</subfield></datafield><datafield ind1=' ' ind2=' ' tag='ADM'><subfield code='b'>2017-08-26 01:46:32</subfield><subfield code='e'>b58486343-01tuli_inst</subfield><subfield code='d'>ILS</subfield><subfield code='a'>2017-06-20 06:48:06</subfield><subfield code='c'>false</subfield></datafield><datafield ind1='0' ind2=' ' tag='HLD'><subfield code='b'>BLOCKSON</subfield><subfield code='c'>rarestacks</subfield><subfield code='h'>E447</subfield><subfield code='i'>.W37 2015</subfield><subfield code='8'>22254852990003811</subfield></datafield><datafield ind1=' ' ind2=' ' tag='ITM'><subfield code='r'>22254852990003811</subfield><subfield code='b'>1</subfield><subfield code='h'>0</subfield><subfield code='g'>rarestacks</subfield><subfield code='t'>BOOK</subfield><subfield code='e'>rarestacks</subfield><subfield code='8'>23254852980003811</subfield><subfield code='a'>4</subfield><subfield code='q'>2017-06-20 06:48:06</subfield><subfield code='i'>E447 .W37 2015</subfield><subfield code='d'>BLOCKSON</subfield><subfield code='f'>BLOCKSON</subfield></datafield></record>