
<record xmlns='http://www.loc.gov/MARC21/slim'><leader>02867nam  2200445 i 4500</leader><controlfield tag='001'>991036819092403811</controlfield><controlfield tag='005'>20170919030019.0</controlfield><controlfield tag='006'>m     o  d |      </controlfield><controlfield tag='007'>cr -n---------</controlfield><controlfield tag='008'>151006t20162016scu     ob    001 0 eng|d</controlfield><datafield ind1=' ' ind2=' ' tag='020'><subfield code='a'>1-61117-604-2</subfield></datafield><datafield ind1=' ' ind2=' ' tag='035'><subfield code='a'>(CKB)3710000000615249</subfield></datafield><datafield ind1=' ' ind2=' ' tag='035'><subfield code='a'>(EBL)4411321</subfield></datafield><datafield ind1=' ' ind2=' ' tag='035'><subfield code='a'>(SSID)ssj0001635043</subfield></datafield><datafield ind1=' ' ind2=' ' tag='035'><subfield code='a'>(PQKBManifestationID)16388550</subfield></datafield><datafield ind1=' ' ind2=' ' tag='035'><subfield code='a'>(PQKBTitleCode)TC0001635043</subfield></datafield><datafield ind1=' ' ind2=' ' tag='035'><subfield code='a'>(PQKBWorkID)14805464</subfield></datafield><datafield ind1=' ' ind2=' ' tag='035'><subfield code='a'>(PQKB)10936679</subfield></datafield><datafield ind1=' ' ind2=' ' tag='035'><subfield code='a'>(MiAaPQ)EBC4411321</subfield></datafield><datafield ind1=' ' ind2=' ' tag='035'><subfield code='a'>(EXLCZ)993710000000615249</subfield></datafield><datafield ind1=' ' ind2=' ' tag='040'><subfield code='a'>MiAaPQ</subfield><subfield code='b'>eng</subfield><subfield code='e'>rda</subfield><subfield code='e'>pn</subfield><subfield code='c'>MiAaPQ</subfield><subfield code='d'>MiAaPQ</subfield></datafield><datafield ind1=' ' ind2=' ' tag='041'><subfield code='a'>eng</subfield></datafield><datafield ind1=' ' ind2=' ' tag='043'><subfield code='a'>n-us---</subfield></datafield><datafield ind1=' ' ind2='4' tag='050'><subfield code='a'>E449</subfield><subfield code='b'>.G175 2016</subfield></datafield><datafield ind1='0' ind2='0' tag='082'><subfield code='a'>071/.3</subfield></datafield><datafield ind1='1' ind2=' ' tag='100'><subfield code='a'>Gabrial, Brian,</subfield><subfield code='e'>author.</subfield></datafield><datafield ind1='1' ind2='4' tag='245'><subfield code='a'>The press and slavery in America, 1791-1859 :</subfield><subfield code='b'>the melancholy effect of popular excitement /</subfield><subfield code='c'>Brian Gabrial.</subfield></datafield><datafield ind1=' ' ind2='1' tag='264'><subfield code='a'>Columbia, South Carolina :</subfield><subfield code='b'>The University of South Carolina Press,</subfield><subfield code='c'>[2016]</subfield></datafield><datafield ind1=' ' ind2='4' tag='264'><subfield code='c'>©2016</subfield></datafield><datafield ind1=' ' ind2=' ' tag='300'><subfield code='a'>1 online resource (257 p.)</subfield></datafield><datafield ind1=' ' ind2=' ' tag='336'><subfield code='a'>text</subfield><subfield code='b'>txt</subfield></datafield><datafield ind1=' ' ind2=' ' tag='337'><subfield code='a'>computer</subfield><subfield code='b'>c</subfield></datafield><datafield ind1=' ' ind2=' ' tag='338'><subfield code='a'>online resource</subfield><subfield code='b'>cr</subfield></datafield><datafield ind1=' ' ind2=' ' tag='500'><subfield code='a'>Description based upon print version of record.</subfield></datafield><datafield ind1=' ' ind2=' ' tag='520'><subfield code='a'>An examination of how press coverage of slave revolts forced public discussions that ultimately influenced public opinion</subfield></datafield><datafield ind1=' ' ind2=' ' tag='546'><subfield code='a'>English</subfield></datafield><datafield ind1='0' ind2=' ' tag='505'><subfield code='a'>Racism and slavery in America -- The press and slave troubles in America -- Haiti in 1791, Gabriel Prosser&apos;s 1800 conspiracy, and the 1811 German coast slave revolt -- Denmark Vesey&apos;s 1822 conspiracy and Nat Turner&apos;s 1831 slave revolt -- Slavery, the press, and America&apos;s transformation, 1831-59 -- John Brown&apos;s &quot;Greatest or principal object&quot; -- From madman to martyr : John Brown&apos;s transformation in the northern antislavery press -- Media discourses about slavery -- Dealing with slavery&apos;s enemies -- A racial panic -- Maintaining slavery -- Slavery divides the nation -- Slavery&apos;s immorality and destruction of civil liberties -- Slavery destroys freedom of the press -- The press and slavery&apos;s legacy.</subfield></datafield><datafield ind1=' ' ind2=' ' tag='504'><subfield code='a'>Includes bibliographical references and index.</subfield></datafield><datafield ind1=' ' ind2=' ' tag='588'><subfield code='a'>Description based on print version record.</subfield></datafield><datafield ind1=' ' ind2='0' tag='650'><subfield code='a'>Slavery</subfield><subfield code='x'>Press coverage</subfield><subfield code='z'>United States</subfield><subfield code='x'>History</subfield><subfield code='y'>19th century.</subfield></datafield><datafield ind1=' ' ind2='0' tag='650'><subfield code='a'>Antislavery movements</subfield><subfield code='x'>Press coverage</subfield><subfield code='z'>United States</subfield><subfield code='x'>History</subfield><subfield code='y'>19th century.</subfield></datafield><datafield ind1=' ' ind2='0' tag='650'><subfield code='a'>Antislavery movements</subfield><subfield code='z'>United States</subfield><subfield code='x'>Periodicals</subfield><subfield code='x'>History</subfield><subfield code='y'>19th century.</subfield></datafield><datafield ind1=' ' ind2='0' tag='650'><subfield code='a'>Antislavery movements</subfield><subfield code='z'>United States</subfield><subfield code='x'>History</subfield><subfield code='y'>19th century.</subfield></datafield><datafield ind1=' ' ind2='0' tag='650'><subfield code='a'>Journalism</subfield><subfield code='x'>Political aspects</subfield><subfield code='z'>United States</subfield><subfield code='x'>History</subfield><subfield code='y'>19th century.</subfield></datafield><datafield ind1=' ' ind2='0' tag='650'><subfield code='a'>Mass media and public opinion</subfield><subfield code='z'>United States</subfield><subfield code='x'>History</subfield><subfield code='y'>19th century.</subfield></datafield><datafield ind1=' ' ind2='0' tag='650'><subfield code='a'>Mass media and race relations</subfield><subfield code='z'>United States</subfield><subfield code='x'>History</subfield><subfield code='y'>19th century.</subfield></datafield><datafield ind1=' ' ind2='0' tag='650'><subfield code='a'>Public opinion</subfield><subfield code='z'>United States</subfield><subfield code='x'>History</subfield><subfield code='y'>19th century.</subfield></datafield><datafield ind1=' ' ind2='0' tag='650'><subfield code='a'>American newspapers</subfield><subfield code='x'>History</subfield><subfield code='y'>19th century.</subfield></datafield><datafield ind1=' ' ind2='4' tag='655'><subfield code='a'>Electronic books.</subfield></datafield><datafield ind1=' ' ind2=' ' tag='776'><subfield code='z'>1-61117-603-4</subfield></datafield><datafield ind1=' ' ind2=' ' tag='906'><subfield code='a'>BOOK</subfield></datafield><datafield ind1=' ' ind2=' ' tag='ADM'><subfield code='b'>2017-12-18 20:59:41</subfield><subfield code='e'>(CKB)3710000000615249</subfield><subfield code='d'>PQNKB</subfield><subfield code='f'>20160803134623.0</subfield><subfield code='a'>2016-03-17 14:52:20</subfield><subfield code='c'>false</subfield></datafield><datafield ind1=' ' ind2=' ' tag='PRT'><subfield code='a'>53396757750003811</subfield><subfield code='b'>https://sandbox01-na.alma.exlibrisgroup.com/view/uresolver/01TULI_INST/openurl?u.ignore_date_coverage=true&amp;rft.mms_id=991036819092403811</subfield><subfield code='e'>EBSCOhost</subfield><subfield code='9'>Available</subfield><subfield code='c'>EBSCOhost eBook Community College Collection</subfield><subfield code='h'>613860000000000003</subfield><subfield code='8'>53396757750003811</subfield></datafield><datafield ind1=' ' ind2=' ' tag='PRT'><subfield code='a'>53406346000003811</subfield><subfield code='b'>https://sandbox01-na.alma.exlibrisgroup.com/view/uresolver/01TULI_INST/openurl?u.ignore_date_coverage=true&amp;rft.mms_id=991036819092403811</subfield><subfield code='e'>EBSCOhost</subfield><subfield code='9'>Available</subfield><subfield code='c'>EBSCOhost eBook History Collection - North America</subfield><subfield code='h'>613790000000001582</subfield><subfield code='8'>53406346000003811</subfield></datafield></record>