
<record xmlns='http://www.loc.gov/MARC21/slim'><leader>02225nam  2200325 a 4500</leader><controlfield tag='001'>991036731566703811</controlfield><controlfield tag='005'>20170918231548.0</controlfield><controlfield tag='006'>m     o  d |      </controlfield><controlfield tag='007'>cr -n---------</controlfield><controlfield tag='008'>110629s2013    iluacg  ob    001 0 eng d</controlfield><datafield ind1=' ' ind2=' ' tag='010'><subfield code='z'>  2011027787</subfield></datafield><datafield ind1=' ' ind2=' ' tag='020'><subfield code='a'>1-283-90169-2</subfield></datafield><datafield ind1=' ' ind2=' ' tag='020'><subfield code='a'>0-252-09389-5</subfield></datafield><datafield ind1=' ' ind2=' ' tag='035'><subfield code='a'>(CKB)2550000000707713</subfield></datafield><datafield ind1=' ' ind2=' ' tag='035'><subfield code='a'>(EBL)3414176</subfield></datafield><datafield ind1=' ' ind2=' ' tag='035'><subfield code='a'>(SSID)ssj0000782756</subfield></datafield><datafield ind1=' ' ind2=' ' tag='035'><subfield code='a'>(PQKBManifestationID)12304007</subfield></datafield><datafield ind1=' ' ind2=' ' tag='035'><subfield code='a'>(PQKBTitleCode)TC0000782756</subfield></datafield><datafield ind1=' ' ind2=' ' tag='035'><subfield code='a'>(PQKBWorkID)10751688</subfield></datafield><datafield ind1=' ' ind2=' ' tag='035'><subfield code='a'>(PQKB)10629026</subfield></datafield><datafield ind1=' ' ind2=' ' tag='035'><subfield code='a'>(MiAaPQ)EBC3414176</subfield></datafield><datafield ind1=' ' ind2=' ' tag='035'><subfield code='a'>(StDuBDS)EDZ0000649254</subfield></datafield><datafield ind1=' ' ind2=' ' tag='035'><subfield code='a'>(EXLCZ)992550000000707713</subfield></datafield><datafield ind1=' ' ind2=' ' tag='040'><subfield code='a'>MiAaPQ</subfield><subfield code='c'>MiAaPQ</subfield><subfield code='d'>MiAaPQ</subfield></datafield><datafield ind1=' ' ind2=' ' tag='041'><subfield code='a'>eng</subfield></datafield><datafield ind1=' ' ind2='4' tag='050'><subfield code='a'>ML1700</subfield><subfield code='b'>.B53 2013</subfield></datafield><datafield ind1='0' ind2='0' tag='082'><subfield code='a'>782.108996</subfield></datafield><datafield ind1='1' ind2=' ' tag='100'><subfield code='a'>André, Naomi.</subfield></datafield><datafield ind1='0' ind2='0' tag='245'><subfield code='a'>Blackness in opera</subfield><subfield code='h'>[electronic resource] /</subfield><subfield code='c'>edited by Naomi Andre, Karen M. Bryan, and Eric Saylor.</subfield></datafield><datafield ind1=' ' ind2='1' tag='264'><subfield code='a'>Urbana :</subfield><subfield code='b'>University of Illinois Press,</subfield><subfield code='c'>2017.</subfield></datafield><datafield ind1=' ' ind2=' ' tag='300'><subfield code='a'>1 online resource (306 p.)</subfield></datafield><datafield ind1=' ' ind2=' ' tag='336'><subfield code='a'>text</subfield><subfield code='b'>txt</subfield></datafield><datafield ind1=' ' ind2=' ' tag='337'><subfield code='a'>computer</subfield><subfield code='b'>c</subfield></datafield><datafield ind1=' ' ind2=' ' tag='338'><subfield code='a'>online resource</subfield><subfield code='b'>cr</subfield></datafield><datafield ind1=' ' ind2=' ' tag='500'><subfield code='a'>Description based upon print version of record.</subfield></datafield><datafield ind1=' ' ind2=' ' tag='546'><subfield code='a'>English</subfield></datafield><datafield ind1='0' ind2=' ' tag='505'><subfield code='a'>Introduction: representing blackness on the operatic stage -- From Otello to Porgy: blackness, masculinity, and morality in opera / Naomi André -- Hearing the other in The masque of blackness / Sarah Schmalenberger -- Nationalism, racial difference, and &quot;Egyptian&quot; meaning in Verdi&apos;s Aida / Christopher R. Gauthier and Jennifer McFarlane-Harris -- Race, &quot;realism,&quot; and fate in Frederick Delius&apos;s Koanga / Eric Saylor -- Political currents and black culture in Scott Joplin&apos;s Treemonisha / Ann Sears -- Clarence Cameron White&apos;s Ouanga! in the world of the Harlem Renaissance / Karen M. Bryan -- New paradigms in William Grant Still&apos;s Blue steel / Gayle Murchison -- Performers in Catfish Row: Porgy and Bess as collaboration / Gwynne Kuhner Brown -- Searching for &quot;authenticity&quot; in Paul Bowles&apos;s Denmark Vesey / Melissa J. de Graaf -- The politics of color in Oscar Hammerstein&apos;s Carmen Jones / Melinda Boyd -- Performing race in Ernst Krenek&apos;s Jonny spielt auf / Jonathan O. Wipplinger -- Il rodolfo nero, or the masque of blackness / George Shirley.</subfield></datafield><datafield ind1=' ' ind2=' ' tag='504'><subfield code='a'>Includes bibliographical references and index.</subfield></datafield><datafield ind1='8' ind2=' ' tag='520'><subfield code='a'>&apos;Blackness in Opera&apos; critically examines the intersections of race and music in the multifaceted genre of opera. A diverse cross-section of scholars places well-known operas (Porgy and Bess, Aida, Treemonisha) alongside lesser-known works such as Frederick Delius&apos;s Koanga, William Grant Still&apos;s Blue Steel, and Clarence Cameron White&apos;s Ouanga! to reveal a new historical context for re-imagining race and blackness in opera.</subfield></datafield><datafield ind1=' ' ind2=' ' tag='521'><subfield code='a'>Specialized.</subfield></datafield><datafield ind1=' ' ind2=' ' tag='588'><subfield code='a'>Description based on online resource; title from home page (viewed on February 17, 2017).</subfield></datafield><datafield ind1=' ' ind2='0' tag='650'><subfield code='a'>Blacks in opera.</subfield></datafield><datafield ind1=' ' ind2='0' tag='650'><subfield code='a'>Opera.</subfield></datafield><datafield ind1=' ' ind2='4' tag='655'><subfield code='a'>Electronic books.</subfield></datafield><datafield ind1=' ' ind2=' ' tag='776'><subfield code='z'>0-252-03678-6</subfield></datafield><datafield ind1='1' ind2=' ' tag='700'><subfield code='a'>André, Naomi Adele.</subfield></datafield><datafield ind1='1' ind2=' ' tag='700'><subfield code='a'>Bryan, Karen M.</subfield><subfield code='q'>(Karen McGaha),</subfield><subfield code='d'>1954-</subfield></datafield><datafield ind1='1' ind2=' ' tag='700'><subfield code='a'>Saylor, Eric.</subfield></datafield><datafield ind1=' ' ind2=' ' tag='906'><subfield code='a'>BOOK</subfield></datafield><datafield ind1=' ' ind2=' ' tag='999'><subfield code='p'>$36.75</subfield><subfield code='u'>09/15/2016</subfield><subfield code='5'>Music</subfield></datafield><datafield ind1=' ' ind2=' ' tag='PRT'><subfield code='a'>53421547020003811</subfield><subfield code='b'>https://sandbox01-na.alma.exlibrisgroup.com/view/uresolver/01TULI_INST/openurl?u.ignore_date_coverage=true&amp;rft.mms_id=991036731566703811</subfield><subfield code='e'>Ebook Central</subfield><subfield code='c'>Ebook Central Academic Complete</subfield><subfield code='h'>614200000000000002</subfield><subfield code='8'>53421547020003811</subfield></datafield><datafield ind1=' ' ind2=' ' tag='PRT'><subfield code='a'>53425013730003811</subfield><subfield code='b'>https://sandbox01-na.alma.exlibrisgroup.com/view/uresolver/01TULI_INST/openurl?u.ignore_date_coverage=true&amp;rft.mms_id=991036731566703811</subfield><subfield code='e'>Ebook Central</subfield><subfield code='c'>Ebook Central University Press</subfield><subfield code='h'>614330000000000093</subfield><subfield code='8'>53425013730003811</subfield></datafield><datafield ind1=' ' ind2=' ' tag='PRT'><subfield code='a'>53391982920003811</subfield><subfield code='b'>https://sandbox01-na.alma.exlibrisgroup.com/view/uresolver/01TULI_INST/openurl?u.ignore_date_coverage=true&amp;rft.mms_id=991036731566703811</subfield><subfield code='e'>EBSCOhost</subfield><subfield code='c'>EBSCOhost Academic eBook Collection (North America)</subfield><subfield code='h'>613640000000000029</subfield><subfield code='8'>53391982920003811</subfield></datafield><datafield ind1=' ' ind2=' ' tag='PRT'><subfield code='a'>53408531650003811</subfield><subfield code='b'>https://sandbox01-na.alma.exlibrisgroup.com/view/uresolver/01TULI_INST/openurl?u.ignore_date_coverage=true&amp;rft.mms_id=991036731566703811</subfield><subfield code='e'>JSTOR</subfield><subfield code='c'>JSTOR Books EBA Pilot</subfield><subfield code='h'>613810000000000259</subfield><subfield code='8'>53408531650003811</subfield></datafield></record>