
<record xmlns='http://www.loc.gov/MARC21/slim'><leader>01125nam  2200301 a 4500</leader><controlfield tag='001'>991036730769603811</controlfield><controlfield tag='005'>20170815113443.0</controlfield><controlfield tag='006'>m     o  d |      </controlfield><controlfield tag='007'>cr -n---------</controlfield><controlfield tag='008'>020419s2003    enk     ob    000 0deng  </controlfield><datafield ind1=' ' ind2=' ' tag='010'><subfield code='z'>  2002070087</subfield></datafield><datafield ind1=' ' ind2=' ' tag='020'><subfield code='a'>1-280-53082-0</subfield></datafield><datafield ind1=' ' ind2=' ' tag='020'><subfield code='a'>0-19-803063-0</subfield></datafield><datafield ind1=' ' ind2=' ' tag='020'><subfield code='a'>1-4237-8479-0</subfield></datafield><datafield ind1=' ' ind2=' ' tag='035'><subfield code='a'>(CKB)1000000000463115</subfield></datafield><datafield ind1=' ' ind2=' ' tag='035'><subfield code='a'>(EBL)281182</subfield></datafield><datafield ind1=' ' ind2=' ' tag='035'><subfield code='a'>(OCoLC)630529127</subfield></datafield><datafield ind1=' ' ind2=' ' tag='035'><subfield code='a'>(SSID)ssj0000208209</subfield></datafield><datafield ind1=' ' ind2=' ' tag='035'><subfield code='a'>(PQKBManifestationID)12057160</subfield></datafield><datafield ind1=' ' ind2=' ' tag='035'><subfield code='a'>(PQKBTitleCode)TC0000208209</subfield></datafield><datafield ind1=' ' ind2=' ' tag='035'><subfield code='a'>(PQKBWorkID)10239611</subfield></datafield><datafield ind1=' ' ind2=' ' tag='035'><subfield code='a'>(PQKB)10563904</subfield></datafield><datafield ind1=' ' ind2=' ' tag='035'><subfield code='a'>(MiAaPQ)EBC281182</subfield></datafield><datafield ind1=' ' ind2=' ' tag='035'><subfield code='a'>(EXLCZ)991000000000463115</subfield></datafield><datafield ind1=' ' ind2=' ' tag='040'><subfield code='a'>MiAaPQ</subfield><subfield code='c'>MiAaPQ</subfield><subfield code='d'>MiAaPQ</subfield></datafield><datafield ind1=' ' ind2=' ' tag='041'><subfield code='a'>eng</subfield></datafield><datafield ind1=' ' ind2=' ' tag='043'><subfield code='a'>n-us-va</subfield></datafield><datafield ind1=' ' ind2='4' tag='050'><subfield code='a'>F232.S7</subfield><subfield code='b'>.N46 2003</subfield></datafield><datafield ind1='0' ind2='0' tag='082'><subfield code='a'>306.3620975509035</subfield><subfield code='a'>975.5552</subfield></datafield><datafield ind1='1' ind2=' ' tag='100'><subfield code='a'>Greenberg, Kenneth S.</subfield></datafield><datafield ind1='0' ind2='0' tag='245'><subfield code='a'>Nat Turner</subfield><subfield code='h'>[electronic resource] :</subfield><subfield code='b'>a slave rebellion in history and memory /</subfield><subfield code='c'>edited by Kenneth S. Greenberg.</subfield></datafield><datafield ind1=' ' ind2=' ' tag='260'><subfield code='a'>Oxford ;</subfield><subfield code='a'>New York :</subfield><subfield code='b'>Oxford University Press,</subfield><subfield code='c'>2003.</subfield></datafield><datafield ind1=' ' ind2=' ' tag='300'><subfield code='a'>1 online resource (310 p.)</subfield></datafield><datafield ind1=' ' ind2=' ' tag='336'><subfield code='a'>text</subfield><subfield code='b'>txt</subfield></datafield><datafield ind1=' ' ind2=' ' tag='337'><subfield code='a'>computer</subfield><subfield code='b'>c</subfield></datafield><datafield ind1=' ' ind2=' ' tag='338'><subfield code='a'>online resource</subfield><subfield code='b'>cr</subfield></datafield><datafield ind1=' ' ind2=' ' tag='500'><subfield code='a'>Description based upon print version of record.</subfield></datafield><datafield ind1='0' ind2=' ' tag='505'><subfield code='a'>Permissions; Contents; Introduction; PART ONE: THE SEARCH FOR NAT TURNER; ONE: Name, Face, Body; TWO: The Construction of The Confessions of Nat Turner; PART TWO: STORIES OF THE REBELLION; THREE: The Event; FOUR: Covenant in Jerusalem; PART THREE: COMMUNITIES AND CONTEXTS; FIVE: Symptoms of Liberty and Blackhead Signposts: David Walker and Nat Turner; SIX: A Prophet in His Own Land: Support for Nat Turner and His Rebellion within Southampton&apos;s Black Community; SEVEN: Reading, Revelation, and Rebellion: The Textual Communities of Gabriel, Denmark Vesey, and Nat Turner</subfield></datafield><datafield ind1='8' ind2=' ' tag='505'><subfield code='a'>EIGHT: Nat Turner in a Hemispheric ContextNINE: Nat Turner and Sectional Crisis; TEN: &quot;What Happened in This Place?&quot;: In Search of the Female Slave in the Nat Turner Slave Insurrection; PART FOUR: MEMORY; ELEVEN: Styron&apos;s Choice: A Meditation on History, Literature, and Moral Imperatives; TWELE: Interview with William Styron; THIRTEEN: Interview with Alvin; Epilogue: Nat Turner in Hollywood; Notes</subfield></datafield><datafield ind1=' ' ind2=' ' tag='520'><subfield code='a'>Leader of an important slave rebellion, murderer of unarmed men and women, beacon of freedom, and religious fanatic - the contradictory figure of Nat Turner represents all the terrible complexities of American slavery. This biography offers insight into the man, his rebellion, and his time.</subfield></datafield><datafield ind1=' ' ind2=' ' tag='546'><subfield code='a'>English</subfield></datafield><datafield ind1=' ' ind2=' ' tag='504'><subfield code='a'>Includes bibliographical references.</subfield></datafield><datafield ind1=' ' ind2='0' tag='650'><subfield code='a'>Southampton Insurrection, 1831.</subfield></datafield><datafield ind1=' ' ind2='0' tag='650'><subfield code='a'>Slaves</subfield><subfield code='z'>Virginia</subfield><subfield code='z'>Southampton County</subfield><subfield code='v'>Biography.</subfield></datafield><datafield ind1=' ' ind2='4' tag='655'><subfield code='a'>Electronic books.</subfield></datafield><datafield ind1='1' ind2='0' tag='600'><subfield code='a'>Turner, Nat,</subfield><subfield code='d'>1800?-1831.</subfield></datafield><datafield ind1='1' ind2='0' tag='600'><subfield code='a'>Turner, Nat,</subfield><subfield code='d'>1800?-1831</subfield><subfield code='x'>Influence.</subfield></datafield><datafield ind1=' ' ind2=' ' tag='776'><subfield code='z'>0-19-517756-8</subfield></datafield><datafield ind1=' ' ind2=' ' tag='776'><subfield code='z'>0-19-513404-4</subfield></datafield><datafield ind1='1' ind2=' ' tag='700'><subfield code='a'>Greenberg, Kenneth S.</subfield></datafield><datafield ind1=' ' ind2=' ' tag='906'><subfield code='a'>BOOK</subfield></datafield><datafield ind1=' ' ind2=' ' tag='PRT'><subfield code='a'>53424616810003811</subfield><subfield code='b'>https://sandbox01-na.alma.exlibrisgroup.com/view/uresolver/01TULI_INST/openurl?u.ignore_date_coverage=true&amp;rft.mms_id=991036730769603811</subfield><subfield code='e'>Ebook Central</subfield><subfield code='c'>Ebook Central University Press</subfield><subfield code='h'>614330000000000093</subfield><subfield code='8'>53424616810003811</subfield></datafield><datafield ind1=' ' ind2=' ' tag='PRT'><subfield code='a'>53392331240003811</subfield><subfield code='b'>https://sandbox01-na.alma.exlibrisgroup.com/view/uresolver/01TULI_INST/openurl?u.ignore_date_coverage=true&amp;rft.mms_id=991036730769603811</subfield><subfield code='e'>EBSCOhost</subfield><subfield code='c'>EBSCOhost Academic eBook Collection (North America)</subfield><subfield code='h'>613640000000000029</subfield><subfield code='8'>53392331240003811</subfield></datafield></record>