
<record xmlns='http://www.loc.gov/MARC21/slim'><leader>02794nam  2200469 i 4500</leader><controlfield tag='001'>991036898072103811</controlfield><controlfield tag='005'>20170817210146.0</controlfield><controlfield tag='006'>m     o  d |      </controlfield><controlfield tag='007'>cr -n---------</controlfield><controlfield tag='008'>020220s2002    nyu     ob    001 0 eng|d</controlfield><datafield ind1=' ' ind2=' ' tag='020'><subfield code='a'>0-415-86676-6</subfield></datafield><datafield ind1=' ' ind2=' ' tag='020'><subfield code='a'>1-315-02341-5</subfield></datafield><datafield ind1=' ' ind2=' ' tag='020'><subfield code='a'>1-136-70153-2</subfield></datafield><datafield ind1=' ' ind2=' ' tag='035'><subfield code='a'>(CKB)2550000001117529</subfield></datafield><datafield ind1=' ' ind2=' ' tag='035'><subfield code='a'>(EBL)1395319</subfield></datafield><datafield ind1=' ' ind2=' ' tag='035'><subfield code='a'>(OCoLC)864414373</subfield></datafield><datafield ind1=' ' ind2=' ' tag='035'><subfield code='a'>(SSID)ssj0001004092</subfield></datafield><datafield ind1=' ' ind2=' ' tag='035'><subfield code='a'>(PQKBManifestationID)12469698</subfield></datafield><datafield ind1=' ' ind2=' ' tag='035'><subfield code='a'>(PQKBTitleCode)TC0001004092</subfield></datafield><datafield ind1=' ' ind2=' ' tag='035'><subfield code='a'>(PQKBWorkID)11039500</subfield></datafield><datafield ind1=' ' ind2=' ' tag='035'><subfield code='a'>(PQKB)10761219</subfield></datafield><datafield ind1=' ' ind2=' ' tag='035'><subfield code='a'>(MiAaPQ)EBC1395319</subfield></datafield><datafield ind1=' ' ind2=' ' tag='035'><subfield code='a'>(EXLCZ)992550000001117529</subfield></datafield><datafield ind1=' ' ind2=' ' tag='040'><subfield code='a'>MiAaPQ</subfield><subfield code='b'>eng</subfield><subfield code='e'>rda</subfield><subfield code='e'>pn</subfield><subfield code='c'>MiAaPQ</subfield><subfield code='d'>MiAaPQ</subfield></datafield><datafield ind1=' ' ind2=' ' tag='041'><subfield code='a'>eng</subfield></datafield><datafield ind1=' ' ind2=' ' tag='043'><subfield code='a'>n-usu--</subfield></datafield><datafield ind1=' ' ind2='4' tag='050'><subfield code='a'>F213</subfield><subfield code='b'>.E34 2002</subfield></datafield><datafield ind1='0' ind2='0' tag='082'><subfield code='a'>973.0496073</subfield></datafield><datafield ind1='1' ind2=' ' tag='100'><subfield code='a'>Egerton, Douglas R.</subfield></datafield><datafield ind1='1' ind2='0' tag='245'><subfield code='a'>Rebels, reformers, &amp; revolutionaries :</subfield><subfield code='b'>collected essays and second thoughts /</subfield><subfield code='c'>Douglas R. Egerton.</subfield></datafield><datafield ind1=' ' ind2='1' tag='264'><subfield code='a'>New York :</subfield><subfield code='b'>Routledge,</subfield><subfield code='c'>2002.</subfield></datafield><datafield ind1=' ' ind2=' ' tag='300'><subfield code='a'>1 online resource (269 p.)</subfield></datafield><datafield ind1=' ' ind2=' ' tag='336'><subfield code='a'>text</subfield><subfield code='b'>txt</subfield></datafield><datafield ind1=' ' ind2=' ' tag='337'><subfield code='a'>computer</subfield><subfield code='b'>c</subfield></datafield><datafield ind1=' ' ind2=' ' tag='338'><subfield code='a'>online resource</subfield><subfield code='b'>cr</subfield></datafield><datafield ind1=' ' ind2='0' tag='440'><subfield code='a'>Crosscurrents in African American history</subfield></datafield><datafield ind1='1' ind2=' ' tag='490'><subfield code='a'>Crosscurrents in African American History</subfield></datafield><datafield ind1=' ' ind2=' ' tag='500'><subfield code='a'>Description based upon print version of record.</subfield></datafield><datafield ind1=' ' ind2=' ' tag='520'><subfield code='a'>This collection of essays examines the lives and thoughts of three interrelated Southern groups - enslaved rebels, conservative white reformers, and white revolutionaries -presenting a clear and cogent understanding of race, reform, and conservatism in early American history.</subfield></datafield><datafield ind1=' ' ind2=' ' tag='546'><subfield code='a'>English</subfield></datafield><datafield ind1='0' ind2=' ' tag='505'><subfield code='a'>Black independence struggles and the tale of two revolutions  -- An upright man -- Gabriel&apos;s Conspiracy and the election of 1800 -- Fly across the river : the Easter Slave Conspiracy of 1802 -- Denmark Vesey and revolutionary theology -- Charles Fenton Mercer and public education in Virginia -- A new look at the American Colonization Society -- An update on Jacksonian historiography : the biographies -- Markets Without a market revolution : southern planters and capitalism -- The proslavery critique of the American Colonization Society -- The Tricolor in black and white : the French Revolution in Jefferson&apos;s Virginia -- A matter of blood : Thomas Jefferson and the Hemings Family.</subfield></datafield><datafield ind1=' ' ind2=' ' tag='504'><subfield code='a'>Includes bibliographical references and index.</subfield></datafield><datafield ind1=' ' ind2=' ' tag='588'><subfield code='a'>Description based on print version record.</subfield></datafield><datafield ind1=' ' ind2='0' tag='650'><subfield code='a'>Slavery</subfield><subfield code='x'>Political aspects</subfield><subfield code='z'>Southern States</subfield><subfield code='x'>History.</subfield></datafield><datafield ind1=' ' ind2='0' tag='650'><subfield code='a'>Slaves</subfield><subfield code='x'>Political activity</subfield><subfield code='z'>Southern States</subfield><subfield code='x'>History.</subfield></datafield><datafield ind1=' ' ind2='0' tag='650'><subfield code='a'>Slave insurrections</subfield><subfield code='z'>Southern States</subfield><subfield code='x'>History.</subfield></datafield><datafield ind1=' ' ind2='0' tag='650'><subfield code='a'>African American social reformers</subfield><subfield code='z'>Southern States</subfield><subfield code='x'>History.</subfield></datafield><datafield ind1=' ' ind2='0' tag='650'><subfield code='a'>Social reformers</subfield><subfield code='z'>Southern States</subfield><subfield code='x'>History.</subfield></datafield><datafield ind1=' ' ind2='0' tag='650'><subfield code='a'>Revolutionaries</subfield><subfield code='z'>Southern States</subfield><subfield code='x'>History.</subfield></datafield><datafield ind1=' ' ind2='4' tag='655'><subfield code='a'>Electronic books.</subfield></datafield><datafield ind1=' ' ind2='0' tag='651'><subfield code='a'>Southern States</subfield><subfield code='x'>Politics and government</subfield><subfield code='y'>1775-1865.</subfield></datafield><datafield ind1=' ' ind2='0' tag='651'><subfield code='a'>Southern States</subfield><subfield code='x'>Race relations</subfield><subfield code='x'>Political aspects.</subfield></datafield><datafield ind1=' ' ind2='0' tag='651'><subfield code='a'>Southern States</subfield><subfield code='x'>Social conditions.</subfield></datafield><datafield ind1=' ' ind2=' ' tag='776'><subfield code='z'>0-415-93122-3</subfield></datafield><datafield ind1=' ' ind2=' ' tag='776'><subfield code='z'>1-299-86716-2</subfield></datafield><datafield ind1=' ' ind2='0' tag='830'><subfield code='a'>Crosscurrents in African American History</subfield></datafield><datafield ind1=' ' ind2=' ' tag='906'><subfield code='a'>BOOK</subfield></datafield><datafield ind1=' ' ind2=' ' tag='PRT'><subfield code='a'>53420037200003811</subfield><subfield code='b'>https://sandbox01-na.alma.exlibrisgroup.com/view/uresolver/01TULI_INST/openurl?u.ignore_date_coverage=true&amp;rft.mms_id=991036898072103811</subfield><subfield code='e'>Ebook Central</subfield><subfield code='c'>Ebook Central Academic Complete</subfield><subfield code='h'>614200000000000002</subfield><subfield code='8'>53420037200003811</subfield></datafield></record>