
<record xmlns='http://www.loc.gov/MARC21/slim'><leader>03461cam a2200457 a 4500</leader><controlfield tag='005'>20180315202234.0</controlfield><controlfield tag='008'>110629s2012    iluag    b    001 0 eng  </controlfield><controlfield tag='001'>991028967889703811</controlfield><datafield ind1=' ' ind2=' ' tag='010'><subfield code='a'>2011027787</subfield></datafield><datafield ind1=' ' ind2=' ' tag='020'><subfield code='a'>9780252036781 (hardcover : alk. paper)</subfield></datafield><datafield ind1=' ' ind2=' ' tag='020'><subfield code='a'>0252036786 (hardcover : alk. paper)</subfield></datafield><datafield ind1=' ' ind2=' ' tag='020'><subfield code='a'>9780252093890 (e-book)</subfield></datafield><datafield ind1=' ' ind2=' ' tag='020'><subfield code='a'>0252093895 (e-book)</subfield></datafield><datafield ind1='8' ind2=' ' tag='024'><subfield code='a'>40020637625</subfield></datafield><datafield ind1=' ' ind2=' ' tag='035'><subfield code='a'>(PPT)b52069333-01tuli_inst</subfield></datafield><datafield ind1=' ' ind2=' ' tag='035'><subfield code='a'>(OCoLC)ocn795766339</subfield><subfield code='9'>ExL</subfield></datafield><datafield ind1=' ' ind2=' ' tag='035'><subfield code='a'>(OCoLC)741937646</subfield></datafield><datafield ind1=' ' ind2=' ' tag='035'><subfield code='a'>ocn741937646</subfield></datafield><datafield ind1=' ' ind2=' ' tag='035'><subfield code='a'>(OCLC)ocn741937646</subfield></datafield><datafield ind1=' ' ind2=' ' tag='040'><subfield code='a'>DLC</subfield><subfield code='b'>eng</subfield><subfield code='c'>DLC</subfield><subfield code='d'>YDX</subfield><subfield code='d'>BTCTA</subfield><subfield code='d'>UKMGB</subfield><subfield code='d'>BDX</subfield><subfield code='d'>YDXCP</subfield><subfield code='d'>BWX</subfield><subfield code='d'>COO</subfield><subfield code='d'>VVC</subfield><subfield code='d'>IG#</subfield><subfield code='d'>YUS</subfield><subfield code='d'>RID</subfield></datafield><datafield ind1=' ' ind2=' ' tag='042'><subfield code='a'>pcc</subfield></datafield><datafield ind1=' ' ind2=' ' tag='049'><subfield code='a'>IG$A</subfield></datafield><datafield ind1=' ' ind2=' ' tag='079'><subfield code='a'>ocn741937646</subfield></datafield><datafield ind1=' ' ind2=' ' tag='090'><subfield code='a'>ML1700</subfield><subfield code='b'>.B53 2012</subfield></datafield><datafield ind1='0' ind2='0' tag='245'><subfield code='a'>Blackness in opera /</subfield><subfield code='c'>edited by Naomi Andre, Karen M. Bryan, and Eric Saylor.</subfield></datafield><datafield ind1=' ' ind2=' ' tag='260'><subfield code='a'>Urbana :</subfield><subfield code='b'>University of Illinois Press,</subfield><subfield code='c'>c2012.</subfield></datafield><datafield ind1=' ' ind2=' ' tag='300'><subfield code='a'>xii, 289 p. :</subfield><subfield code='b'>ill., music ;</subfield><subfield code='c'>25 cm.</subfield></datafield><datafield ind1=' ' ind2=' ' tag='504'><subfield code='a'>Includes bibliographical references and index.</subfield></datafield><datafield ind1='0' ind2=' ' tag='505'><subfield code='a'>Introduction: representing blackness on the operatic stage -- From Otello to Porgy: blackness, masculinity, and morality in opera / Naomi André -- Hearing the other in The masque of blackness / Sarah Schmalenberger -- Nationalism, racial difference, and &quot;Egyptian&quot; meaning in Verdi&apos;s Aida / Christopher R. Gauthier and Jennifer McFarlane-Harris -- Race, &quot;realism,&quot; and fate in Frederick Delius&apos;s Koanga / Eric Saylor -- Political currents and black culture in Scott Joplin&apos;s Treemonisha / Ann Sears -- Clarence Cameron White&apos;s Ouanga! in the world of the Harlem Renaissance / Karen M. Bryan -- New paradigms in William Grant Still&apos;s Blue steel / Gayle Murchison -- Performers in Catfish Row: Porgy and Bess as collaboration / Gwynne Kuhner Brown -- Searching for &quot;authenticity&quot; in Paul Bowles&apos;s Denmark Vesey / Melissa J. de Graaf -- The politics of color in Oscar Hammerstein&apos;s Carmen Jones / Melinda Boyd -- Performing race in Ernst Krenek&apos;s Jonny spielt auf / Jonathan O. Wipplinger -- Il rodolfo nero, or the masque of blackness / George Shirley.</subfield></datafield><datafield ind1=' ' ind2=' ' tag='520'><subfield code='a'>&quot;Blackness in Opera critically examines the intersections of race and music in the multifaceted genre of opera. A diverse cross-section of scholars places well-known operas (Porgy and Bess, Aida, Treemonisha) alongside lesser-known works such as Frederick Delius&apos;s Koanga, William Grant Still&apos;s Blue Steel, and Clarence Cameron White&apos;s Ouanga! to reveal a new historical context for re-imagining race and blackness in opera. The volume brings a wide-ranging, theoretically informed, interdisciplinary approach to questions about how blackness has been represented in these operas, issues surrounding characterization of blacks, interpretation of racialized roles by blacks and whites, controversies over race in the theatre and the use of blackface, and extensions of blackness along the spectrum from grand opera to musical theatre and film. In addition to essays by scholars, the book also features reflections by renowned American tenor George Shirley&quot;--Publisher description.</subfield></datafield><datafield ind1=' ' ind2='0' tag='650'><subfield code='a'>Blacks in opera.</subfield></datafield><datafield ind1=' ' ind2='0' tag='650'><subfield code='a'>Opera.</subfield></datafield><datafield ind1='1' ind2=' ' tag='700'><subfield code='a'>André, Naomi Adele.</subfield></datafield><datafield ind1='1' ind2=' ' tag='700'><subfield code='a'>Bryan, Karen M.</subfield><subfield code='q'>(Karen McGaha),</subfield><subfield code='d'>1954-</subfield></datafield><datafield ind1='1' ind2=' ' tag='700'><subfield code='a'>Saylor, Eric.</subfield></datafield><datafield ind1=' ' ind2=' ' tag='907'><subfield code='a'>.b52069333</subfield><subfield code='b'>multi</subfield><subfield code='c'>-</subfield></datafield><datafield ind1=' ' ind2=' ' tag='945'><subfield code='l'>b    </subfield><subfield code='g'>1</subfield></datafield><datafield ind1=' ' ind2=' ' tag='945'><subfield code='l'>pstk </subfield><subfield code='g'>1</subfield></datafield><datafield ind1=' ' ind2=' ' tag='979'><subfield code='a'>ocn741937646</subfield></datafield><datafield ind1=' ' ind2=' ' tag='998'><subfield code='b'>4</subfield><subfield code='c'>120529</subfield><subfield code='d'>m</subfield><subfield code='e'>a</subfield><subfield code='f'>-</subfield><subfield code='g'>0</subfield></datafield><datafield ind1=' ' ind2=' ' tag='998'><subfield code='b'>1</subfield><subfield code='c'>120529</subfield><subfield code='d'>m</subfield><subfield code='e'>a</subfield><subfield code='f'>-</subfield><subfield code='g'>0</subfield></datafield><datafield ind1=' ' ind2=' ' tag='ADM'><subfield code='b'>2018-03-16 00:22:34</subfield><subfield code='e'>b52069333-01tuli_inst</subfield><subfield code='d'>ILS</subfield><subfield code='a'>2017-06-20 09:33:07</subfield><subfield code='c'>false</subfield></datafield><datafield ind1='0' ind2=' ' tag='HLD'><subfield code='b'>BLOCKSON</subfield><subfield code='c'>rarestacks</subfield><subfield code='h'>ML1700</subfield><subfield code='i'>.B53 2012</subfield><subfield code='8'>22294945730003811</subfield></datafield><datafield ind1='0' ind2=' ' tag='HLD'><subfield code='b'>MAIN</subfield><subfield code='c'>stacks</subfield><subfield code='h'>ML1700</subfield><subfield code='i'>.B53 2012</subfield><subfield code='8'>22294945760003811</subfield></datafield><datafield ind1=' ' ind2=' ' tag='ITM'><subfield code='r'>22294945760003811</subfield><subfield code='b'>1</subfield><subfield code='h'>0</subfield><subfield code='g'>stacks</subfield><subfield code='t'>BOOK</subfield><subfield code='9'>39074026474809</subfield><subfield code='e'>stacks</subfield><subfield code='8'>23294945740003811</subfield><subfield code='a'>0</subfield><subfield code='q'>2017-06-20 09:33:07</subfield><subfield code='i'>ML1700 .B53 2012</subfield><subfield code='d'>MAIN</subfield><subfield code='f'>MAIN</subfield></datafield><datafield ind1=' ' ind2=' ' tag='ITM'><subfield code='r'>22294945730003811</subfield><subfield code='b'>1</subfield><subfield code='h'>0</subfield><subfield code='g'>rarestacks</subfield><subfield code='t'>BOOK</subfield><subfield code='e'>rarestacks</subfield><subfield code='8'>23294945720003811</subfield><subfield code='a'>4</subfield><subfield code='q'>2017-06-20 09:33:07</subfield><subfield code='i'>ML1700 .B53 2012</subfield><subfield code='d'>BLOCKSON</subfield><subfield code='f'>BLOCKSON</subfield></datafield></record>