
<record xmlns='http://www.loc.gov/MARC21/slim'><leader>03696cam a2200469 a 4500</leader><controlfield tag='005'>20170825225244.0</controlfield><controlfield tag='008'>100429s2011    nyub     b    001 0 eng  </controlfield><controlfield tag='001'>991008116349703811</controlfield><datafield ind1=' ' ind2=' ' tag='010'><subfield code='a'>2010017855</subfield></datafield><datafield ind1=' ' ind2=' ' tag='020'><subfield code='a'>9780061995217 (hc.) :</subfield><subfield code='c'>$26.99</subfield></datafield><datafield ind1=' ' ind2=' ' tag='020'><subfield code='a'>0061995215 (hc.)</subfield></datafield><datafield ind1=' ' ind2=' ' tag='035'><subfield code='a'>(PPT)b45596104-01tuli_inst</subfield></datafield><datafield ind1=' ' ind2=' ' tag='035'><subfield code='a'>(OCoLC)ocn727108977</subfield><subfield code='9'>ExL</subfield></datafield><datafield ind1=' ' ind2=' ' tag='035'><subfield code='a'>(OCoLC)612348353</subfield></datafield><datafield ind1=' ' ind2=' ' tag='035'><subfield code='a'>ocn612348353</subfield></datafield><datafield ind1=' ' ind2=' ' tag='035'><subfield code='a'>(OCLC)ocn612348353</subfield></datafield><datafield ind1=' ' ind2=' ' tag='040'><subfield code='a'>DLC</subfield><subfield code='c'>DLC</subfield><subfield code='d'>YDX</subfield><subfield code='d'>YDXCP</subfield><subfield code='d'>JAI</subfield><subfield code='d'>ABG</subfield><subfield code='d'>CDX</subfield><subfield code='d'>NSB</subfield><subfield code='d'>BWX</subfield><subfield code='d'>VP@</subfield></datafield><datafield ind1=' ' ind2=' ' tag='043'><subfield code='a'>n-us-la</subfield></datafield><datafield ind1=' ' ind2=' ' tag='049'><subfield code='a'>IG$A</subfield></datafield><datafield ind1=' ' ind2=' ' tag='079'><subfield code='a'>ocn612348353</subfield></datafield><datafield ind1=' ' ind2=' ' tag='090'><subfield code='a'>F379.N557</subfield><subfield code='b'>R37 2011</subfield></datafield><datafield ind1='1' ind2=' ' tag='100'><subfield code='a'>Rasmussen, Daniel,</subfield><subfield code='d'>1987-</subfield></datafield><datafield ind1='1' ind2='0' tag='245'><subfield code='a'>American uprising :</subfield><subfield code='b'>the untold story of America&apos;s largest slave revolt /</subfield><subfield code='c'>Daniel Rasmussen.</subfield></datafield><datafield ind1=' ' ind2=' ' tag='250'><subfield code='a'>1st ed.</subfield></datafield><datafield ind1=' ' ind2=' ' tag='260'><subfield code='a'>New York, NY :</subfield><subfield code='b'>Harper,</subfield><subfield code='c'>c2011.</subfield></datafield><datafield ind1=' ' ind2=' ' tag='300'><subfield code='a'>viii, 276 p. :</subfield><subfield code='b'>maps ;</subfield><subfield code='c'>24 cm.</subfield></datafield><datafield ind1=' ' ind2=' ' tag='504'><subfield code='a'>Includes bibliographical references (p. [223]-264) and index.</subfield></datafield><datafield ind1='0' ind2=' ' tag='505'><subfield code='a'>Carnival in New Orleans -- Paths to slavery -- A revolutionary forge -- Empire&apos;s emissary -- Conquering the frontier -- Masks and motives -- The rebels&apos; pact -- Revolt -- A city in chaos -- A second wind -- The battle -- Heads on poles -- Friends of necessity -- Statehood and the young American nation -- The slaves win their freedom -- The cover-up.</subfield></datafield><datafield ind1=' ' ind2=' ' tag='520'><subfield code='a'>The author, a historian reveals the long forgotten history of America&apos;s largest slave uprising, the New Orleans slave revolt of 1811 that nearly toppled New Orleans and changed the course of American history. In this narrative, he offers new insight into American expansionism, the path to Civil War, and the earliest grassroots push to overcome slavery. Five hundred slaves, dressed in military uniforms and armed with guns, cane knives, and axes, rose up from the plantations around New Orleans and set out to conquer the city. Ethnically diverse, politically astute, and highly organized, this self made army challenged not only the economic system of plantation agriculture but also American expansion. Their march represented the largest act of armed resistance against slavery in the history of the United States.  The work is the story of this elaborate plot, the rebel army&apos;s dramatic march on the city, and its shocking conclusion. No North American slave uprising, not Gabriel Prosser&apos;s, not Denmark Vesey&apos;s, not Nat Turner&apos;s, has rivaled the scale of this rebellion either in terms of the number of the slaves involved or the number who were killed. More than one hundred slaves were slaughtered by federal troops and French planters, who then sought to write the event out of history and prevent the spread of the slaves&apos; revolutionary philosophy. With the Haitian revolution a recent memory and the War of 1812 looming on the horizon, the revolt had epic consequences for America. Through original research, the author offers a window into the young, expansionist country, illuminating the early history of New Orleans and providing new insight into the path to the Civil War and the slave revolutionaries who fought and died for justice and the hope of freedom.</subfield></datafield><datafield ind1=' ' ind2='0' tag='650'><subfield code='a'>Slave insurrections</subfield><subfield code='z'>Louisiana</subfield><subfield code='z'>New Orleans Region</subfield><subfield code='x'>History</subfield><subfield code='y'>19th century.</subfield></datafield><datafield ind1=' ' ind2='0' tag='650'><subfield code='a'>Slavery</subfield><subfield code='z'>Louisiana</subfield><subfield code='x'>History</subfield><subfield code='y'>19th century.</subfield></datafield><datafield ind1=' ' ind2='0' tag='650'><subfield code='a'>African Americans</subfield><subfield code='z'>Louisiana</subfield><subfield code='z'>New Orleans Region</subfield><subfield code='x'>History</subfield><subfield code='y'>19th century.</subfield></datafield><datafield ind1=' ' ind2='0' tag='651'><subfield code='a'>New Orleans (La.)</subfield><subfield code='x'>History</subfield><subfield code='y'>19th century.</subfield></datafield><datafield ind1=' ' ind2='0' tag='651'><subfield code='a'>New Orleans (La.)</subfield><subfield code='x'>Race relations.</subfield></datafield><datafield ind1=' ' ind2=' ' tag='902'><subfield code='a'>141216</subfield></datafield><datafield ind1=' ' ind2=' ' tag='907'><subfield code='a'>.b45596104</subfield><subfield code='b'>multi</subfield><subfield code='c'>-</subfield></datafield><datafield ind1=' ' ind2=' ' tag='915'><subfield code='a'>63999</subfield></datafield><datafield ind1=' ' ind2=' ' tag='945'><subfield code='l'>jtcas</subfield><subfield code='g'>1</subfield></datafield><datafield ind1=' ' ind2=' ' tag='945'><subfield code='l'>pstk </subfield><subfield code='g'>1</subfield></datafield><datafield ind1=' ' ind2=' ' tag='979'><subfield code='a'>ocn612348353</subfield></datafield><datafield ind1=' ' ind2=' ' tag='998'><subfield code='b'>3</subfield><subfield code='c'>110511</subfield><subfield code='d'>m</subfield><subfield code='e'>a</subfield><subfield code='f'>-</subfield><subfield code='g'>0</subfield></datafield><datafield ind1=' ' ind2=' ' tag='998'><subfield code='b'>1</subfield><subfield code='c'>110511</subfield><subfield code='d'>m</subfield><subfield code='e'>a</subfield><subfield code='f'>-</subfield><subfield code='g'>0</subfield></datafield><datafield ind1=' ' ind2=' ' tag='ADM'><subfield code='b'>2017-08-26 02:52:44</subfield><subfield code='e'>b45596104-01tuli_inst</subfield><subfield code='d'>ILS</subfield><subfield code='a'>2017-06-20 08:39:44</subfield><subfield code='c'>false</subfield></datafield><datafield ind1='0' ind2=' ' tag='HLD'><subfield code='b'>JAPAN</subfield><subfield code='c'>stacks</subfield><subfield code='h'>F379.N557</subfield><subfield code='i'>R37 2011</subfield><subfield code='8'>22284960410003811</subfield></datafield><datafield ind1='0' ind2=' ' tag='HLD'><subfield code='b'>MAIN</subfield><subfield code='c'>stacks</subfield><subfield code='h'>F379.N557</subfield><subfield code='i'>R37 2011</subfield><subfield code='8'>22284960350003811</subfield></datafield><datafield ind1=' ' ind2=' ' tag='ITM'><subfield code='r'>22284960410003811</subfield><subfield code='b'>1</subfield><subfield code='h'>0</subfield><subfield code='g'>stacks</subfield><subfield code='t'>BOOK</subfield><subfield code='9'>31982020045128</subfield><subfield code='e'>stacks</subfield><subfield code='8'>23284960360003811</subfield><subfield code='a'>0</subfield><subfield code='q'>2017-06-20 08:39:44</subfield><subfield code='i'>F379.N557 R37 2011</subfield><subfield code='d'>JAPAN</subfield><subfield code='f'>JAPAN</subfield></datafield><datafield ind1=' ' ind2=' ' tag='ITM'><subfield code='r'>22284960350003811</subfield><subfield code='b'>1</subfield><subfield code='h'>0</subfield><subfield code='g'>stacks</subfield><subfield code='t'>BOOK</subfield><subfield code='9'>39074025987595</subfield><subfield code='e'>stacks</subfield><subfield code='8'>23284960330003811</subfield><subfield code='a'>0</subfield><subfield code='q'>2017-06-20 08:39:44</subfield><subfield code='i'>F379.N557 R37 2011</subfield><subfield code='d'>MAIN</subfield><subfield code='f'>MAIN</subfield></datafield></record>