
<record xmlns='http://www.loc.gov/MARC21/slim'><leader>03975cam a2200457 a 4500</leader><controlfield tag='005'>20180315123750.0</controlfield><controlfield tag='008'>100416s2011    ilua     b    001 0 eng  </controlfield><controlfield tag='001'>991027600119703811</controlfield><datafield ind1=' ' ind2=' ' tag='010'><subfield code='a'>2010015996</subfield></datafield><datafield ind1=' ' ind2=' ' tag='020'><subfield code='a'>9780809330171 (alk. paper)</subfield></datafield><datafield ind1=' ' ind2=' ' tag='020'><subfield code='a'>0809330172 (alk. paper)</subfield></datafield><datafield ind1=' ' ind2=' ' tag='020'><subfield code='a'>9780809386161 (e-book)</subfield></datafield><datafield ind1=' ' ind2=' ' tag='020'><subfield code='a'>080938616X (e-book)</subfield></datafield><datafield ind1=' ' ind2=' ' tag='035'><subfield code='a'>(PPT)b51565675-01tuli_inst</subfield></datafield><datafield ind1=' ' ind2=' ' tag='035'><subfield code='a'>(OCoLC)ocn794617398</subfield><subfield code='9'>ExL</subfield></datafield><datafield ind1=' ' ind2=' ' tag='035'><subfield code='a'>(OCoLC)611962451</subfield></datafield><datafield ind1=' ' ind2=' ' tag='035'><subfield code='a'>ocn611962451</subfield></datafield><datafield ind1=' ' ind2=' ' tag='035'><subfield code='a'>(OCLC)ocn611962451</subfield></datafield><datafield ind1=' ' ind2=' ' tag='040'><subfield code='a'>DLC</subfield><subfield code='c'>DLC</subfield><subfield code='d'>YDX</subfield><subfield code='d'>YDXCP</subfield><subfield code='d'>CDX</subfield><subfield code='d'>BWX</subfield><subfield code='d'>VVC</subfield><subfield code='d'>IAD</subfield><subfield code='d'>MIX</subfield><subfield code='d'>MNW</subfield></datafield><datafield ind1=' ' ind2=' ' tag='042'><subfield code='a'>pcc</subfield></datafield><datafield ind1=' ' ind2=' ' tag='043'><subfield code='a'>n-us---</subfield></datafield><datafield ind1=' ' ind2=' ' tag='049'><subfield code='a'>IG$A</subfield></datafield><datafield ind1=' ' ind2=' ' tag='079'><subfield code='a'>ocn611962451</subfield></datafield><datafield ind1=' ' ind2=' ' tag='090'><subfield code='a'>PE1405.U6</subfield><subfield code='b'>S55 2011</subfield></datafield><datafield ind1='0' ind2='0' tag='245'><subfield code='a'>Silence and listening as rhetorical arts /</subfield><subfield code='c'>edited by Cheryl Glenn and Krista Ratcliffe.</subfield></datafield><datafield ind1=' ' ind2=' ' tag='260'><subfield code='a'>Carbondale :</subfield><subfield code='b'>Southern Illinois University Press,</subfield><subfield code='c'>c2011.</subfield></datafield><datafield ind1=' ' ind2=' ' tag='300'><subfield code='a'>vi, 324 p. :</subfield><subfield code='b'>ill. ;</subfield><subfield code='c'>23 cm.</subfield></datafield><datafield ind1=' ' ind2=' ' tag='504'><subfield code='a'>Includes bibliographical references and index.</subfield></datafield><datafield ind1='0' ind2=' ' tag='505'><subfield code='a'>Aspasia&apos;s Purloined letters: historical absence, fictional presence, and the rhetoric of silence / Melissa Ianetta -- Out of &quot;wonderful silence&quot; come &quot;sweet words&quot;: the rhetorical authority of St. Catherine of Siena / Kristie S. Fleckenstein -- Purposeful silence and perceptive listening: rhetorical agency for women in Christine de Pizan&apos;s The treasure of the city of Ladies / Nancy Myers -- Trying silence: the case of Denmark Vesey and the history of African American rhetoric / Shevaun E. Watson -- Living pictures, living memory : women&apos;s rhetorical silence with the American Delsarte moment / Lisa Suter -- Silence : a politics / Kennan Ferguson -- &quot;Down a road and into an awful silence&quot;: graphic listening in Joe Sacco&apos;s comics journalism / Andrea A. Lunsford and Adam Rosenblatt -- The ideology of African philosophy: the silences and possibilities of African rhetorical knowledge / Omedi Ochieng -- Finding democracy in our argument culture : listening to Spike Lee&apos;s Jazz funeral on the levees / Joyce Irene Middleton -- Gesturing toward peace: on silence, the society of the spectacle, and the &quot;women in black&quot; antiwar protests / Ashley Elliott Pryor -- Hearing women&apos;s silence in transitional South Africa: Achmat Dangor&apos;s Bitter fruit / Katherine Mack -- With our ears to the ground: compassionate listening in Israel/Palestine /Joy Arbor -- Repertoire of discernments: hearing the unsaid in oral history narratives / Frank Farmer and Margaret M. Strain -- Cultivating listening: teaching from a restored logos / Shari Stenberg -- Making ourselves vulnerable a : feminist pedagogy of listening / Wendy Walters Hinshaw -- Revaluing silence and listening with second-language English users / Jay Jordan -- Student silences in the deep south: hearing unfamiliar dialects / Suellyn Duffey.</subfield></datafield><datafield ind1=' ' ind2=' ' tag='520'><subfield code='a'>In Silence and Listening as Rhetorical Arts, editors Cheryl Glenn and Krista Ratcliffe bring together seventeen essays by new and established scholars that demonstrate the value and importance of silence and listening to the study and practice of rhetoric. Building on the editors&apos; groundbreaking research, which respects the power of the spoken word while challenging the marginalized status of silence and listening, this volume makes a strong case for placing these overlooked concepts, and their intersections, at the forefront of rhetorical arts within rhetoric and composition studies.--Publisher&apos;s description.</subfield></datafield><datafield ind1=' ' ind2='0' tag='650'><subfield code='a'>English language</subfield><subfield code='x'>Rhetoric</subfield><subfield code='x'>Study and teaching</subfield><subfield code='z'>United States.</subfield></datafield><datafield ind1=' ' ind2='0' tag='650'><subfield code='a'>Report writing</subfield><subfield code='x'>Study and teaching (Higher)</subfield><subfield code='z'>United States.</subfield></datafield><datafield ind1=' ' ind2='0' tag='650'><subfield code='a'>Silence</subfield><subfield code='x'>Study and teaching (Higher)</subfield><subfield code='z'>United States.</subfield></datafield><datafield ind1=' ' ind2='0' tag='650'><subfield code='a'>Listening</subfield><subfield code='x'>Study and teaching (Higher)</subfield><subfield code='z'>United States.</subfield></datafield><datafield ind1='1' ind2=' ' tag='700'><subfield code='a'>Glenn, Cheryl.</subfield></datafield><datafield ind1='1' ind2=' ' tag='700'><subfield code='a'>Ratcliffe, Krista,</subfield><subfield code='d'>1958-</subfield></datafield><datafield ind1=' ' ind2=' ' tag='907'><subfield code='a'>.b51565675</subfield><subfield code='b'>p    </subfield><subfield code='c'>-</subfield></datafield><datafield ind1=' ' ind2=' ' tag='945'><subfield code='l'>pstk </subfield><subfield code='g'>1</subfield></datafield><datafield ind1=' ' ind2=' ' tag='979'><subfield code='a'>ocn611962451</subfield></datafield><datafield ind1=' ' ind2=' ' tag='998'><subfield code='b'>1</subfield><subfield code='c'>120511</subfield><subfield code='d'>m</subfield><subfield code='e'>a</subfield><subfield code='f'>-</subfield><subfield code='g'>0</subfield></datafield><datafield ind1=' ' ind2=' ' tag='998'><subfield code='b'>1</subfield><subfield code='c'>120511</subfield><subfield code='d'>m</subfield><subfield code='e'>a</subfield><subfield code='f'>-</subfield><subfield code='g'>0</subfield></datafield><datafield ind1=' ' ind2=' ' tag='ADM'><subfield code='b'>2018-03-15 16:37:50</subfield><subfield code='e'>b51565675-01tuli_inst</subfield><subfield code='d'>ILS</subfield><subfield code='a'>2017-06-20 13:19:21</subfield><subfield code='c'>false</subfield></datafield><datafield ind1='0' ind2=' ' tag='HLD'><subfield code='b'>MAIN</subfield><subfield code='c'>stacks</subfield><subfield code='h'>PE1405.U6</subfield><subfield code='i'>S55 2011</subfield><subfield code='8'>22324155750003811</subfield></datafield><datafield ind1=' ' ind2=' ' tag='ITM'><subfield code='r'>22324155750003811</subfield><subfield code='b'>0</subfield><subfield code='u'>LOAN</subfield><subfield code='h'>0</subfield><subfield code='g'>stacks</subfield><subfield code='t'>BOOK</subfield><subfield code='9'>39074026433664</subfield><subfield code='e'>stacks</subfield><subfield code='8'>23324155730003811</subfield><subfield code='a'>0</subfield><subfield code='q'>2017-06-20 13:19:21</subfield><subfield code='i'>PE1405.U6 S55 2011</subfield><subfield code='d'>MAIN</subfield><subfield code='f'>MAIN</subfield></datafield></record>