
<record xmlns='http://www.loc.gov/MARC21/slim'><leader>01690nam  2200397 i 4500</leader><controlfield tag='001'>991036748543403811</controlfield><controlfield tag='005'>20170822114001.0</controlfield><controlfield tag='006'>m     o  d |      </controlfield><controlfield tag='007'>cr -n---------</controlfield><controlfield tag='008'>150130t19861986kyu     o     001 0 eng d</controlfield><datafield ind1=' ' ind2=' ' tag='020'><subfield code='a'>0-8131-6182-7</subfield></datafield><datafield ind1=' ' ind2=' ' tag='035'><subfield code='a'>(CKB)3710000000334493</subfield></datafield><datafield ind1=' ' ind2=' ' tag='035'><subfield code='a'>(EBL)1915697</subfield></datafield><datafield ind1=' ' ind2=' ' tag='035'><subfield code='a'>(SSID)ssj0001435474</subfield></datafield><datafield ind1=' ' ind2=' ' tag='035'><subfield code='a'>(PQKBManifestationID)11769316</subfield></datafield><datafield ind1=' ' ind2=' ' tag='035'><subfield code='a'>(PQKBTitleCode)TC0001435474</subfield></datafield><datafield ind1=' ' ind2=' ' tag='035'><subfield code='a'>(PQKBWorkID)11429201</subfield></datafield><datafield ind1=' ' ind2=' ' tag='035'><subfield code='a'>(PQKB)10308765</subfield></datafield><datafield ind1=' ' ind2=' ' tag='035'><subfield code='a'>(MiAaPQ)EBC1915697</subfield></datafield><datafield ind1=' ' ind2=' ' tag='035'><subfield code='a'>(EXLCZ)993710000000334493</subfield></datafield><datafield ind1=' ' ind2=' ' tag='040'><subfield code='a'>MiAaPQ</subfield><subfield code='b'>eng</subfield><subfield code='e'>rda</subfield><subfield code='e'>pn</subfield><subfield code='c'>MiAaPQ</subfield><subfield code='d'>MiAaPQ</subfield></datafield><datafield ind1=' ' ind2=' ' tag='041'><subfield code='a'>eng</subfield></datafield><datafield ind1=' ' ind2=' ' tag='043'><subfield code='a'>n-us---</subfield></datafield><datafield ind1=' ' ind2='4' tag='050'><subfield code='a'>E441</subfield><subfield code='b'>.N5 1986</subfield></datafield><datafield ind1='0' ind2='0' tag='082'><subfield code='a'>973/.0496073</subfield></datafield><datafield ind1='1' ind2=' ' tag='100'><subfield code='a'>Abzug, Robert H.</subfield></datafield><datafield ind1='0' ind2='0' tag='245'><subfield code='a'>New perspectives on race and slavery in America :</subfield><subfield code='b'>essays in honor of Kenneth M. Stampp /</subfield><subfield code='c'>Robert H. Abzug and Stephen E. Maizlish, editors.</subfield></datafield><datafield ind1=' ' ind2='1' tag='264'><subfield code='a'>Lexington, Kentucky :</subfield><subfield code='b'>The University Press of Kentucky,</subfield><subfield code='c'>1986.</subfield></datafield><datafield ind1=' ' ind2='4' tag='264'><subfield code='c'>©1986</subfield></datafield><datafield ind1=' ' ind2=' ' tag='300'><subfield code='a'>1 online resource (217 p.)</subfield></datafield><datafield ind1=' ' ind2=' ' tag='336'><subfield code='a'>text</subfield><subfield code='b'>txt</subfield></datafield><datafield ind1=' ' ind2=' ' tag='337'><subfield code='a'>computer</subfield><subfield code='b'>c</subfield></datafield><datafield ind1=' ' ind2=' ' tag='338'><subfield code='a'>online resource</subfield><subfield code='b'>cr</subfield></datafield><datafield ind1=' ' ind2=' ' tag='500'><subfield code='a'>Description based upon print version of record.</subfield></datafield><datafield ind1='0' ind2=' ' tag='505'><subfield code='a'>Cover; Title; Copyright; Contents; Acknowledgments; Introduction; I. The Peculiar Institution; 1. Slavery in Virginia, 1619-1660: A Reexamination; 2. Denmark Vesey&apos;s Peculiar Reality; II. Race and Slavery in Antebellum Northern Politics; 3. The Republican Party and the Slave Power; 4. Race and Politics in the Northern Democracy, 1854-1860; III. Civil War and Reconstruction; 5. The Creation of Confederate Loyalties; 6. &quot;&quot;Blues Falling Down Like Hail&quot;&quot;: The Ordeal of Black Freedom; 7. Grant and the Freedmen; IV. Past in Present: The Long Aftermath of War</subfield></datafield><datafield ind1='8' ind2=' ' tag='505'><subfield code='a'>8. The Present Becomes the Past: The Planter Class in the Postbellum South9. &quot;&quot;Firm Flexibility&quot;&quot;: Perspectives on Desegregation in South Carolina; 10. The Soul Is Fled; Contributors; Index; A; B; C; D; E; F; G; H; I; J; K; L; M; N; O; P; Q; R; S; T; U; V; W; X; Y; Z</subfield></datafield><datafield ind1=' ' ind2=' ' tag='520'><subfield code='a'>For more than three decades race relations have been at the forefront of historical research in America. These new essays on race and slavery -- some by highly regarded, award-winning veterans in the field and others by talented newcomers -- point in fresh directions. They address specific areas of contention even as together they survey important questions across four centuries of social, cultural, and political history.Looking at the institution itself, Robert McColley reconsiders the origins of black slavery in America, while William W. Freehling presents a striking interpretation of the De</subfield></datafield><datafield ind1=' ' ind2=' ' tag='546'><subfield code='a'>English</subfield></datafield><datafield ind1=' ' ind2=' ' tag='588'><subfield code='a'>Description based on print version record.</subfield></datafield><datafield ind1=' ' ind2='0' tag='650'><subfield code='a'>Slavery</subfield><subfield code='z'>United States.</subfield></datafield><datafield ind1=' ' ind2='0' tag='650'><subfield code='a'>African Americans</subfield><subfield code='x'>History.</subfield></datafield><datafield ind1=' ' ind2='4' tag='655'><subfield code='a'>Electronic books.</subfield></datafield><datafield ind1='1' ind2='0' tag='600'><subfield code='a'>Stampp, Kenneth M.</subfield><subfield code='q'>(Kenneth Milton)</subfield></datafield><datafield ind1=' ' ind2='0' tag='651'><subfield code='a'>United States</subfield><subfield code='x'>Race relations.</subfield></datafield><datafield ind1=' ' ind2=' ' tag='776'><subfield code='z'>1-322-60138-0</subfield></datafield><datafield ind1=' ' ind2=' ' tag='776'><subfield code='z'>0-8131-5083-3</subfield></datafield><datafield ind1='1' ind2=' ' tag='700'><subfield code='a'>Stampp, Kenneth M.</subfield><subfield code='q'>(Kenneth Milton),</subfield><subfield code='e'>honouree.</subfield></datafield><datafield ind1='1' ind2=' ' tag='700'><subfield code='a'>Abzug, Robert H.,</subfield><subfield code='e'>editor.</subfield></datafield><datafield ind1='1' ind2=' ' tag='700'><subfield code='a'>Maizlish, Stephen E.,</subfield><subfield code='d'>1945-</subfield><subfield code='e'>editor.</subfield></datafield><datafield ind1=' ' ind2=' ' tag='906'><subfield code='a'>BOOK</subfield></datafield><datafield ind1=' ' ind2=' ' tag='PRT'><subfield code='a'>53406336480003811</subfield><subfield code='b'>https://sandbox01-na.alma.exlibrisgroup.com/view/uresolver/01TULI_INST/openurl?u.ignore_date_coverage=true&amp;rft.mms_id=991036748543403811</subfield><subfield code='e'>EBSCOhost</subfield><subfield code='c'>EBSCOhost eBook History Collection - North America</subfield><subfield code='h'>613790000000001582</subfield><subfield code='8'>53406336480003811</subfield></datafield><datafield ind1=' ' ind2=' ' tag='PRT'><subfield code='a'>53408840140003811</subfield><subfield code='b'>https://sandbox01-na.alma.exlibrisgroup.com/view/uresolver/01TULI_INST/openurl?u.ignore_date_coverage=true&amp;rft.mms_id=991036748543403811</subfield><subfield code='e'>JSTOR</subfield><subfield code='c'>JSTOR Books EBA Pilot</subfield><subfield code='h'>613810000000000259</subfield><subfield code='8'>53408840140003811</subfield></datafield><datafield ind1=' ' ind2=' ' tag='PRT'><subfield code='a'>53420878130003811</subfield><subfield code='b'>https://sandbox01-na.alma.exlibrisgroup.com/view/uresolver/01TULI_INST/openurl?u.ignore_date_coverage=true&amp;rft.mms_id=991036748543403811</subfield><subfield code='e'>Ebook Central</subfield><subfield code='c'>Ebook Central Academic Complete</subfield><subfield code='h'>614200000000000002</subfield><subfield code='8'>53420878130003811</subfield></datafield></record>