
<record xmlns='http://www.loc.gov/MARC21/slim'><leader>05503cgm a2200613 a 4500</leader><controlfield tag='005'>20170825213219.0</controlfield><controlfield tag='007'>vd mvaizq</controlfield><controlfield tag='008'>030714s2003    vau360            vleng d</controlfield><controlfield tag='001'>991005141799703811</controlfield><datafield ind1='4' ind2='2' tag='028'><subfield code='a'>TFFA-700</subfield><subfield code='b'>PBS Video</subfield></datafield><datafield ind1=' ' ind2=' ' tag='035'><subfield code='a'>(PPT)b28253358-01tuli_inst</subfield></datafield><datafield ind1=' ' ind2=' ' tag='035'><subfield code='a'>(CStRLIN)ocn490683682</subfield><subfield code='9'>ExL</subfield></datafield><datafield ind1=' ' ind2=' ' tag='035'><subfield code='a'>PPTb28253358</subfield></datafield><datafield ind1=' ' ind2=' ' tag='035'><subfield code='a'>ocm52702482</subfield></datafield><datafield ind1=' ' ind2=' ' tag='035'><subfield code='a'>(OCLC)ocm52702482</subfield></datafield><datafield ind1=' ' ind2=' ' tag='040'><subfield code='a'>GZP</subfield><subfield code='c'>GZP</subfield><subfield code='d'>PPT</subfield></datafield><datafield ind1=' ' ind2=' ' tag='079'><subfield code='a'>ocm52702482</subfield></datafield><datafield ind1=' ' ind2=' ' tag='090'><subfield code='a'>BR563</subfield><subfield code='b'>.T458x 2003</subfield></datafield><datafield ind1='1' ind2='0' tag='245'><subfield code='a'>This far by faith</subfield><subfield code='h'>[videorecording] :</subfield><subfield code='b'>African American spiritual journeys /</subfield><subfield code='c'>Blackside, Inc. and The Faith Prjoect, Inc.</subfield></datafield><datafield ind1='3' ind2='0' tag='246'><subfield code='a'>African American spiritual journeys</subfield></datafield><datafield ind1=' ' ind2=' ' tag='250'><subfield code='a'>Standard version.</subfield></datafield><datafield ind1=' ' ind2=' ' tag='260'><subfield code='a'>[Alexandria, Va.] :</subfield><subfield code='b'>PBS Video,</subfield><subfield code='c'>c2003.</subfield></datafield><datafield ind1=' ' ind2=' ' tag='300'><subfield code='a'>3 videodiscs (360 min.) :</subfield><subfield code='b'>sd., col. ;</subfield><subfield code='c'>4 3/4 in.</subfield></datafield><datafield ind1=' ' ind2=' ' tag='538'><subfield code='a'>DVD.</subfield></datafield><datafield ind1=' ' ind2=' ' tag='546'><subfield code='a'>Closed-captioned for the hearing impaired.</subfield></datafield><datafield ind1='0' ind2=' ' tag='511'><subfield code='a'>Narrator, Lorraine Toussaint.</subfield></datafield><datafield ind1=' ' ind2=' ' tag='508'><subfield code='a'>Executive producer for the Faith Project, Inc.: June Cross; executive producer for Blackside, Inc.: Dante J. James.</subfield></datafield><datafield ind1='0' ind2=' ' tag='505'><subfield code='a'>Episode 1. There is a river / produced, directed and written by W. Noland Walker, edited by Michael Simollari -- episode 2. God is a Negro / produced and directed by June Cross, edited by Tracy Baumgardner -- episode 3. Guide my feet / produced, directed and written by Lulie Haddad, edited by Sandra M. Christie -- episode 4. Freedom Faith / produced, directed and written by Alice Markowitz, edited by Jonathan Sahula -- episode 5. Inheritors of the faith / produced, directed and written by Valerie Linson, edited by Jean-Philippe Boucicaut -- episode 6. Rise up and call their names / produced, directed and written by Leslie D. Farrell, edited by Gina H. Sohn.</subfield></datafield><datafield ind1=' ' ind2=' ' tag='520'><subfield code='a'>This series documents the African-American religious experience during the last three centuries from the early African slaves, through the Civil War, Reconstruction, Jim Crow, the Great Depression, the Civil Rights Era, and into the 21st century. Episode one explores the evolution of African-American religious thought in America. Also, examines how religion and belief in God provided hope in the face of desperation by focusing on the examples of two 19th century black leaders, Sojourner Truth and Denmark Vesey. Written, produced, and directed by W. Noland Walker. Episode two focuses on the role of Henry McNeal Turner, whose philosophy and teachings encouraged his followers to find God from within, raising their opinions about themselves and all black people. Episode three traces African-Americans as they move from the rural South to the promised land of the industrial North. Two southern migrants, Rev. Cecil Williams and Thomas A. Dorsey, born a generation apart, both seek to bring the reality of the streets into the church. In Chicago, Dorsey, a pianist with blues singer Ma Rainey, invents gospel music; in San Francisco, Williams develops a &quot;come as you are&quot; church. Written, produced, and directed by Lulie Haddad. Episode four examines the connections between &quot;freedom faith,&quot; the belief that God intended all people to be equal and free, and the civil rights movement. Faith gave black families a way of insulating</subfield></datafield><datafield ind1='8' ind2=' ' tag='520'><subfield code='a'>themselves from the oppression of the 1940s and 1950s. Highlights the struggles of Prathia Hall (1940-2002), an eminent black preacher, but just one of the many ordinary people who during the protests of the 1960s, risked their lives to challenge America to live up to its promise &quot;that all men are created equal.&quot; Episode five follows the journeys of African-Americans who practice the traditions of Islam and Yoruba. Yoruba, which originated in West Africa and predates Christianity, focuses on honoring ancestors and helping worshipers gain strength and spirituality from within. Also explores the Nation of Islam, led by Elijah Muhammad, whose son, Warith Deen, assumed leadership after his father&apos;s death and transformed the organization into one which follows the practice of orthodox Islam. Written, produced, and directed by Valerie Linson. Episode six tells the story of the Interfaith Pilgrimage of the Middle Passage, a journey where 60 people walked from Massachusetts to Florida, then made their way to the Caribbean and ultimately to Africa. Along the way they prayed for their ancestors and sought to heal the country&apos;s wounds from slavery through prayer vigils at historic slave sites. After months of difficult travel and deep soul-searching, the pilgrims reached Africa with a stronger sense of identity and purpose.</subfield></datafield><datafield ind1=' ' ind2='0' tag='650'><subfield code='a'>African Americans</subfield><subfield code='x'>Religion.</subfield></datafield><datafield ind1=' ' ind2='0' tag='650'><subfield code='a'>African Americans</subfield><subfield code='x'>History.</subfield></datafield><datafield ind1=' ' ind2='0' tag='650'><subfield code='a'>African Americans</subfield><subfield code='x'>Social conditions.</subfield></datafield><datafield ind1=' ' ind2='7' tag='655'><subfield code='a'>Documentary films.</subfield><subfield code='2'>lcgft</subfield></datafield><datafield ind1='1' ind2=' ' tag='700'><subfield code='a'>Cross, June.</subfield></datafield><datafield ind1='1' ind2=' ' tag='700'><subfield code='a'>James, Dante J.</subfield></datafield><datafield ind1='1' ind2=' ' tag='700'><subfield code='a'>Toussaint, Lorraine,</subfield><subfield code='d'>1960-</subfield></datafield><datafield ind1='2' ind2=' ' tag='710'><subfield code='a'>Public Broadcasting Service (U.S.)</subfield></datafield><datafield ind1='2' ind2=' ' tag='710'><subfield code='a'>Blackside, Inc.</subfield></datafield><datafield ind1='2' ind2=' ' tag='710'><subfield code='a'>Faith Project, Inc.</subfield></datafield><datafield ind1='2' ind2=' ' tag='710'><subfield code='a'>Independent Television Service.</subfield></datafield><datafield ind1='0' ind2='2' tag='740'><subfield code='a'>There is a river</subfield></datafield><datafield ind1='0' ind2='2' tag='740'><subfield code='a'>God is a negro.</subfield></datafield><datafield ind1='0' ind2='2' tag='740'><subfield code='a'>Guide my feet.</subfield></datafield><datafield ind1='0' ind2='2' tag='740'><subfield code='a'>Freedom faith.</subfield></datafield><datafield ind1='0' ind2='2' tag='740'><subfield code='a'>Inheritors of the faith.</subfield></datafield><datafield ind1='0' ind2='2' tag='740'><subfield code='a'>Rise up and call their names.</subfield></datafield><datafield ind1=' ' ind2=' ' tag='902'><subfield code='a'>170421</subfield></datafield><datafield ind1=' ' ind2=' ' tag='907'><subfield code='a'>.b28253358</subfield><subfield code='b'>pmed </subfield><subfield code='c'>g</subfield></datafield><datafield ind1=' ' ind2=' ' tag='945'><subfield code='l'>pmed </subfield><subfield code='g'>1</subfield></datafield><datafield ind1=' ' ind2=' ' tag='952'><subfield code='a'>PASGA2469600-F</subfield><subfield code='b'>Pennsylvania State University</subfield><subfield code='h'>Full</subfield><subfield code='n'>PSt</subfield><subfield code='r'>CAT</subfield><subfield code='u'>20040131</subfield></datafield><datafield ind1=' ' ind2=' ' tag='979'><subfield code='a'>ocm52702482</subfield></datafield><datafield ind1=' ' ind2=' ' tag='998'><subfield code='b'>0</subfield><subfield code='c'>050804</subfield><subfield code='d'>m</subfield><subfield code='e'>g</subfield><subfield code='f'>g</subfield><subfield code='g'>0</subfield></datafield><datafield ind1=' ' ind2=' ' tag='998'><subfield code='a'>08/04/05</subfield><subfield code='s'>RLIN</subfield><subfield code='c'>CDC</subfield></datafield><datafield ind1=' ' ind2=' ' tag='ADM'><subfield code='b'>2017-08-26 01:32:19</subfield><subfield code='e'>b28253358-01tuli_inst</subfield><subfield code='d'>ILS</subfield><subfield code='a'>2017-06-20 14:14:53</subfield><subfield code='c'>false</subfield></datafield><datafield ind1='0' ind2=' ' tag='HLD'><subfield code='b'>MEDIA</subfield><subfield code='c'>media</subfield><subfield code='h'>BR563</subfield><subfield code='i'>.T458x 2003</subfield><subfield code='8'>22330302690003811</subfield></datafield><datafield ind1=' ' ind2=' ' tag='ITM'><subfield code='r'>22330302690003811</subfield><subfield code='b'>1</subfield><subfield code='h'>0</subfield><subfield code='g'>media</subfield><subfield code='t'>DVD</subfield><subfield code='9'>39074017237157</subfield><subfield code='e'>media</subfield><subfield code='8'>23330302680003811</subfield><subfield code='a'>5</subfield><subfield code='q'>2017-06-20 14:14:53</subfield><subfield code='i'>BR563 .T458x 2003</subfield><subfield code='d'>MEDIA</subfield><subfield code='f'>MEDIA</subfield></datafield></record>