
<record xmlns='http://www.loc.gov/MARC21/slim'><leader>54851nam a2201657 a 4500</leader><controlfield tag='005'>20090312143600.0</controlfield><controlfield tag='006'>m    |   d |      </controlfield><controlfield tag='007'>cr |n||||||||n</controlfield><controlfield tag='008'>090312s1803    enk|||||s|||||||| ||eng||</controlfield><controlfield tag='001'>991000275979703811</controlfield><datafield ind1=' ' ind2=' ' tag='035'><subfield code='a'>(PPT)b41691076-01tuli_inst</subfield></datafield><datafield ind1=' ' ind2=' ' tag='035'><subfield code='a'>GALEHSTR02570</subfield><subfield code='9'>ExL</subfield></datafield><datafield ind1=' ' ind2=' ' tag='040'><subfield code='a'>TGPSM</subfield><subfield code='c'>HTC</subfield></datafield><datafield ind1=' ' ind2=' ' tag='043'><subfield code='a'>e-uk-en</subfield></datafield><datafield ind1='1' ind2=' ' tag='100'><subfield code='a'>Semper, Dudley.</subfield></datafield><datafield ind1='1' ind2='0' tag='245'><subfield code='a'>Before the Most Noble and Right Honourable the Lords Commissioners of Appeals in Prize Causes, the Sloop Betsey, James Stewart, master, (an appeal from Montserrat), Dudley Semper, of the Island of Montserrat, Esquire, claimant of the sloop and part cargo, on behalf of John Martins de larencieux, of His Majesty the King of Sweden, the proprietor thereof, appellant, against William Smith, commander of the private ship of war, Roebuck, the captor </subfield><subfield code='h'>[electronic resource] : </subfield><subfield code='b'>the appellant&apos;s case.</subfield></datafield><datafield ind1='3' ind2=' ' tag='246'><subfield code='a'>Dudley Semper, of the Island of Montserrat, Esquire, claimant of the sloop and part cargo, on behalf of John Martins de larencieux, of His Majesty the King of Sweden, the proprietor thereof, appellant, against William Smith, commander of the private ship of war, Roebuck, the captor</subfield></datafield><datafield ind1=' ' ind2=' ' tag='260'><subfield code='a'>[London] :</subfield><subfield code='b'>Printed by W. Wilson,</subfield><subfield code='c'>[1803]</subfield></datafield><datafield ind1=' ' ind2=' ' tag='300'><subfield code='a'>6 p. :</subfield><subfield code='b'>charts.</subfield></datafield><datafield ind1=' ' ind2=' ' tag='500'><subfield code='a'>Title from caption.</subfield></datafield><datafield ind1=' ' ind2=' ' tag='500'><subfield code='a'>&quot;To be heard before their lordships, at the Council-chamber, Whitehall, on [actual number not printed or supplied], the day of 1803.&quot;-- Cf. docket title.</subfield></datafield><datafield ind1=' ' ind2=' ' tag='500'><subfield code='a'>Reproduction of the original from Harvard Law School Library.</subfield></datafield><datafield ind1=' ' ind2=' ' tag='501'><subfield code='a'>With: Before the Most Noble and Right Honourable the Lords Commissioners of Appeals in Prize Causes : the Sloop Betsey, James Stewart, master : (an appeal from Montserrat) : appendix. [London] : Printed by W. Wilson, [1799].</subfield></datafield><datafield ind1=' ' ind2=' ' tag='501'><subfield code='a'>With: Before the Most Noble and Right Honourable the Lords Commissioners of Appeals in Prize Causes : (an appeal from Gibraltar) : Industry, Peter Rundtsen, master : for the still further hearing. [London] : Wright, printer, [1799].</subfield></datafield><datafield ind1=' ' ind2=' ' tag='501'><subfield code='a'>With: Before the Most Noble and Right Honourable the Lords Commissioners of Appeals in Prize Causes : Real Duque, Agostino Joze de Costa, master : act on petition of Bayford, in objection to the registrar&apos;s report. [London] : Printed by A. Strahan, [1803].</subfield></datafield><datafield ind1=' ' ind2=' ' tag='501'><subfield code='a'>With: Before the Most Noble and Right Honourable the Lords Commissioners of Appeals in Prize Causes : (appeal from Gibraltar) : Nord Stern, Mads Gronhoff Samsing, master : case and appendix, on the admisssion of Bayford&apos;s allegation. [London] : Printed by A. Strahan, [1799].</subfield></datafield><datafield ind1=' ' ind2=' ' tag='501'><subfield code='a'>With: Before the Most Noble and Right Honourable the Lords Commissioners of Appeals in Prize Causes : the Emanuel, C.F. Meyer, master : an appeal from Halifax : further proofs. [London] : Keating, Brown and Keating, Printers, [1802].</subfield></datafield><datafield ind1=' ' ind2=' ' tag='501'><subfield code='a'>With: Before the Most Noble and Right Honourable the Lords Commissioners of Appeals in Prize Causes : Jonge Sybrandt Jaspar Schmerkel, master : (an appeal from Gibraltar) : for the still further hearing. [London] : Printed by W. Wilson, [1803].</subfield></datafield><datafield ind1=' ' ind2=' ' tag='501'><subfield code='a'>With: Before the Most Noble and Right Honourable the Lords Commissioners of Appeals in Prize Causes : the Flora, Mark Rivers, master : (an appeal from Jamaica) : Mark Rivers, the master and claimant of the ship and of her general cargo, on behalf of David A. Brown, of St. Thomas, a subject of His Majesty the King of Denmark, the sole owner thereof, appellant, against Edward Hamilton, Esq., commander of His Majesty&apos;s ship, Surprize, the captor and James Heseltine, Esq., His Majesty&apos;s procurator general, respondents. [London] : Printed by W. Wilson, [1803].</subfield></datafield><datafield ind1=' ' ind2=' ' tag='501'><subfield code='a'>With: Before the Most Noble and Right Honorable the Lords Commissioners of Appeals in Prize Causes : (an appeal from the Vice-Admiralty Court of the Island of Jamaica) : the Flora, Mark Rivers, master : Mark Rivers, the master and claimant of the said ship and general cargo, on behalf of David A. Brown of the island of Saint Thomas, merchant, a subject of His Majesty the King of Denmark, the asserted sole owner and proprietor thereof, against Sir Edward Hamilton, knight, commander of His Majesty&apos;s frigate of war Surprize, the captor of the said ship and cargo and James Heseltine, Esquire, His Majesty&apos;s procurator-general, respondents : case on behalf of the respondents. [London] : Printed by A. Strahan, [1803].</subfield></datafield><datafield ind1=' ' ind2=' ' tag='501'><subfield code='a'>With: Before the Most Noble and Right Honourable the Lords Commissioners of Appeals in Prize Causes : the Flora, Marc Rivers, master : (an appeal from Jamaica) : joint appendix. [London] : Wright, printer, [1803].</subfield></datafield><datafield ind1=' ' ind2=' ' tag='501'><subfield code='a'>With: Before the Most Noble and Right Honourable the Lords Commissioners of Appeals in Prize Causes : the Eliza, T. Benjamin Passe, master : (an appeal from Jamaica) : T.B. Passe, the master and claimant of the ship and cargo, as Danish property, appellant, against Thomas Boys, Esq., commander of His Majesty&apos;s ship, Aquilon, the captor and James Heseltine, Esq., His Majesty&apos;s procurator general, respondents : the appellant&apos;s case. [London] : Printed by W. Wilson, [1802].</subfield></datafield><datafield ind1=' ' ind2=' ' tag='501'><subfield code='a'>With: Before the Most Noble and Right Honorable the Lords Commissioners of Appeals in Prize Causes : (an appeal from the Vice-Admiralty Court of the Island of the Jamaica) : the Eliza, Timothy Benjamin Passe, master : Timothy Benjamin Passe, the master and claimant of the said ship general cargo, on behalf of Henry Cuyler of the island of Saint Thomas, merchant, a subject of His Majesty of King of Denmark, the asserted sole owner and proprietor thereof, appellant, against Thomas Boys, Esquire, commander of His Majesty&apos;s ship of war Acquilon, the captor of the said ship and cargo and James Haseltine, Esquire, His Majesty&apos;s procurator-general, respondents. [London] : Printed by A. Strahan, [1802].</subfield></datafield><datafield ind1=' ' ind2=' ' tag='501'><subfield code='a'>With: Before the Most Noble and Right Honourable the Lords Commissioners of Appeals in Prize Causes : the Eliza, T.B. Passe, master : (an appeal from Jamaica) : joint appendix. [London] : Printed by W. Wilson, [1802].</subfield></datafield><datafield ind1=' ' ind2=' ' tag='501'><subfield code='a'>With: Before the Most Noble and Right Honourable the Lords Commissioners of Appeals in Prize Causes : (appeal from Gibraltar) : Christina, L.P. Yckenberg, master : Lorents Picter Yckenberg, the master and claimant of the said ship, her tackle, apparel and furniture and 2501 silver Mexico dollars, as the property of himself and of Charl Magnus Fris, of Stockholm, merchant, a Swedish subject and also claimant of sundry casks of wine and brandy and an 18 inch cable, as his own property, appellant, against John Ferrier Devonshire, Esquire, commander of His Majesty&apos;s ship of war La Mahonesa, the captor of the said ship and goods, respondent : appellant&apos;s case. [London : s.n., 1803].</subfield></datafield><datafield ind1=' ' ind2=' ' tag='501'><subfield code='a'>With: Before the Most Noble and Right Honourable the Lords Commissioners of Appeals in Prize Causes : (an appeal from the Vice-Admiralty Court of the Island of the Gibraltar) : Christina, Lorentz Pieter Yckenberg, master : Lorentz Pieter Yckenberg, the master and claimant of the said ship, on behalf of himself and Charles Magnus Iris of Stockholm, merchant and respectively subject of His Majesty the King of Sweden and of the cargo, on behalf of neutral subjects generally, without specifying whom and of certain articles as his own private adventure, appellant, against John Ferris Devonshire, Esquire, commander of His Majesty&apos;s ship of Ware Mahonesa, the captor of the said ship and cargo and James Heseltine, Esquire, His Majesty&apos;s procurator general, respondents : case on behalf of the respondents. [London] : Printed by A. Strahan, [1803].</subfield></datafield><datafield ind1=' ' ind2=' ' tag='501'><subfield code='a'>With: Before the Most Noble and Right Honourable the Lords Commissioners of Appeals in Prize Causes : (appeal from Gibraltor) : Christina, Lorents Peter Yckenberg, master : appendix. [London] : Printed by A. Strahan, [1803].</subfield></datafield><datafield ind1=' ' ind2=' ' tag='501'><subfield code='a'>With: Before the Most Noble and Right Honourable the Lords Commissioners of Appeals in Prize Causes : Amelia David Johann Nicolaus Bossau, master : an appeal from Jamaica : further case on behalf of the claimants and appellants, as to the mode in which goods, the property of foreigners, were imported into Vera Cruz, during the years 1798 and 1799. [London : s.n., 1803].</subfield></datafield><datafield ind1=' ' ind2=' ' tag='501'><subfield code='a'>With: Before the Most Noble and Right Honourable the Lords Commissioners of Appeals in Prize Causes : (an appeal from the Vice-Admiralty Court of the Island of Jamaica) : Emelia, D.J.N. Bossau, master : additional evidence produced on the respondents. [London] : Printed by A. Strahan, [1797].</subfield></datafield><datafield ind1=' ' ind2=' ' tag='501'><subfield code='a'>With: Before the Most Noble and Right Honourable the Lords Commissioners of Appeals in Prize Causes : the Charlotte Wilhelmina, Theis Meinerts, master : (an appeal from Barbadoes) : case and appendix on the part of the claimant : for the hearing on further proof of the property of the cargo. [London] : Wright, printer, [1797].</subfield></datafield><datafield ind1=' ' ind2=' ' tag='501'><subfield code='a'>With: Before the Most Noble and Right Honourable the Lords Commissioners of Appeals in Prize Causes : Charlotta Wilhelmina, T. Meiners, master : further evidence on the part of the respondents. [London] : Printed by A. Strahan, [1797].</subfield></datafield><datafield ind1=' ' ind2=' ' tag='501'><subfield code='a'>With: Before the Most Noble and Right Honourable the Lords Commissioners of Appeals in Prize Causes : the Schooner Aurora, Charles Curet, master : (an appeal from Montserrat) : Charles Curet, the master and claimant of the ship and cargo, on behalf and as the property of J.J. Cermony, of St. Bartholomew, merchant, a subject of His Majesty&apos;s ship, Bittern, the captor and James Heseltine, Esq., His Majesty&apos;s procurator general, respondents : the appellant&apos;s case. [London] : Printed by W. Wilson, [1799].</subfield></datafield><datafield ind1=' ' ind2=' ' tag='501'><subfield code='a'>With: Before the Most Noble and Right Honorable the Lords Commissioners of Appeals in Prize Causes : (an appeal from the Vice-Admiralty Court of the Island of Montserrat) : the Aurora, Charles Curet, master : Charles Curet, the master and claimant of the said ship and cargo, on behalf of John Joseph Cremony, described of the Island of St. Bartholomew, merchant and subject of His Majesty the King of Sweden, the asserted sole owner and proprietor thereof, appellant, against Edward Kittoe, Esquire, commander of His Majesty&apos;s sloop of war Bittern, the captor of the said ship and cargo and James Heseltine, Esquire, His Majesty&apos;s procurator general, respondent : case on behalf of the respondents. [London] : Printed by A. Strahan, [1803].</subfield></datafield><datafield ind1=' ' ind2=' ' tag='501'><subfield code='a'>With: Before the Most Noble and Right Honourable the Lords Commissioners of Appeals in Prize Causes : the Aurora, Charles Curet, master : (an appeal from Montserrat) : joint appendix. [London] : Wright, printer, [1799].</subfield></datafield><datafield ind1=' ' ind2=' ' tag='501'><subfield code='a'>With: Before the Most Noble and Right Honourable the Lords Commissioners of Appeals in Prize Causes : the Carmelite, John Ash, master : (an appeal from Jamaica) : John Ash, the master and claimant of the ship and cargo, on behalf of John A. Jolly, of Baltimore, merchant, a citizen of the United States of America, of sole owner thereof, appellant, against John Davie, Esq., commander of His Majesty&apos;s ship Tisiphone, the captor and James Heseltine, Esq., His Majesty&apos;s procurator general, respondents : the appellant&apos;s case. [London] : Printed by W. Wilson, [1803].</subfield></datafield><datafield ind1=' ' ind2=' ' tag='501'><subfield code='a'>With: Before the Most Noble and Right Honourable the Lords Commissioners of Appeals in Prize Causes : (an appeal from the Vice-Admiralty Court of the Island of Jamaica) : the Carmelite, John Ash, master, John Ash, the master and claimant of the said ship and cargo on behalf of John A. Jolly, of Baltimore, merchant, a citizen of the United States of America, the asserted sole owner and proprietor thereof, appellant, against John Davie, Esquire, commander of His Majesty&apos;s ship of war Tisiphone, the captor of the said ship and cargo and James Heseltine, Esquire, His Majesty&apos;s procurator general, respondents : the appellants case. [London] : Printed by A. Strahan, [1803].</subfield></datafield><datafield ind1=' ' ind2=' ' tag='501'><subfield code='a'>With: Before the Most Noble and Right Honourable the Lords Commissioners of Appeals in Prize Causes : (an appeal from the Vice-Admiralty Court of the Island of Jamaica) : the Carmelite, John Ash, master : additional appendix. [London] : Printed by A. Strahan, [1801].</subfield></datafield><datafield ind1=' ' ind2=' ' tag='501'><subfield code='a'>With: Before the Most Noble and Right Honourable the Lords Commissioners of Appeals in Prize Causes : the Carmelite, John Ash, master : (an appeal from Jamaica) : joint appendix. [London] : Printed by W. Wilion, [1801].</subfield></datafield><datafield ind1=' ' ind2=' ' tag='501'><subfield code='a'>With: Before the Most Noble and Right Honourable the Lords Commissioners of Appeals in Prize Causes : the Brig Mercury, James Yeardeley, master : Thomas O&apos;Reilly, the supercargo and claimant of the said brig, cargo, specie and ingots of gold, as the property of Thomas Ketland, of Philadelphia, merchant, himself the claimant and the representatives of Kieran Fitzpatrick, deceased, appellant, against Joseph Bingham, Esq., commander of His Majesty&apos;s ship of war America, the captor, respondent : (an appeal from the Vice-Admiralty Court of Nova Scotia) : appellant&apos;s case. [London] : Brooke, printer, [1803].</subfield></datafield><datafield ind1=' ' ind2=' ' tag='501'><subfield code='a'>With: Before the Most Noble and Right Honourable the Lords Commissioners of Appeals in Prize Causes : (an appeal from the Vice-Admiralty Court of Halifax) : the Mercury, James Yeardley, master : Thomas O&apos;Reilly, the supercargo and claimant of the said ship, on behalf of Thomas Ketland, of Philadephia, merchant and also of the cargo on behalf of him the said Thomas Ketland and others, respectively citizens of the United States of America, the asserted sole owners and proprietors thereof, appellant, against Joseph, Esquire, commander of His Majesty&apos;s ship America, the captor of the said ship and cargo and James Heseltine, Esquire, His Majesty&apos;s procuratorgeneral, respondents : case on behalf of respondents. [London] : Printed by A. Strahan, [1803].</subfield></datafield><datafield ind1=' ' ind2=' ' tag='501'><subfield code='a'>With: Before the Most Noble and Right Honourable the Lords Commissioners of Appeals in Prize Causes : the Mercury, James Yardsley, master : appendix. [London : s.n., 1803?].</subfield></datafield><datafield ind1=' ' ind2=' ' tag='501'><subfield code='a'>With: Before the Most Noble and Right Honourable the Lords Commissioners of Appeals in Prize Causes : the Schooner Lark, John Brown, master : the said John Brown, claimant of the general cargo as the property of James Biays, of Baltimore, merchant, a native citizen of the United States, appellant, against John Davie, Esq., commander of His Majesty&apos;s ship Tisiphone, the captor, respondent : an appeal from the Vice-Admiralty Court of Jamaica. appellant&apos;s case. [London] : G. Woodfall, printer, [1801].</subfield></datafield><datafield ind1=' ' ind2=' ' tag='501'><subfield code='a'>With: Before the Most Noble and Right Honourable the Lords Commissioners of Appeals in Prize Causes : (an appeal from the Vice-Admiralty Court of the Island of Jamaica) : the Lark, John Brown, master : John Brown, the master and claimant of certain goods, part of the cargo of the said ship, on behalf of James Brays, of Baltimore, merchant, a citizen of the United States of America, the asserted sole owner and proprietor thereof, appellant, against John Davie, Esquire, commander of his majesty&apos;s ship of war Tisiphone, the captor of the said ship and cargo and James Heseltine, Esquire, His Majesty&apos;s procurator general, respondents. [London] : Printed by A. Strahan, [1801].</subfield></datafield><datafield ind1=' ' ind2=' ' tag='501'><subfield code='a'>With: Before the Most Noble and Right Honourable the Lords Commissioners of Appeals in Prize Causes : the Schooner Lark, J. Brown, master : (appendix). [London] : G. Woodfall, printer, [1801].</subfield></datafield><datafield ind1=' ' ind2=' ' tag='501'><subfield code='a'>With: Before the Most Noble and Right Honourable the Lords Commissioners of Appeals in Prize Causes : the Schooner Charlotte, J. Israel, master : an appeal from Gibraltar : Samuel Williams, Esq., the agent appointed by the government of the United States of America to prosecute claims and appeals in Prize Causes, for John said United States at the island of Madeira and claimant of the said schooner and her cargo, on behalf of himself, a citizen of the United States, the true, lawful and sole owner and proprietor thereof, claimant and appellant, against Thomas Trowbridge, Esq., commander of His Majesty&apos;s ship of war the Culloden and James Heseltine, Esq., His Majesty&apos;s procurator general captor and respondent : case on behalf of the claimant and appellant. [London] : Keating, Brown and Keating, Printers, [1801].</subfield></datafield><datafield ind1=' ' ind2=' ' tag='501'><subfield code='a'>With: Before the Most Noble and Right Honourable the Lords Commissioners of Appeals in Prize Causes : (an appeal from the Vice-Admiralty Court of Gibraltar) : the Charlotte, Joseph Israel, master : John Marsden Pintard, consul general of the United States of America in the island of Madeira, claimant of the said ship and cargo, as his own property, appellant, against Sir Thomas Trowbridge, baronet, commander of His Majesty&apos;s ship of war Culloden, the captor of the said ship and cargo and James Heseltine, Esquire, His Majesty&apos;s procurator general, responedents. [London] : Printed by A. Strahan, [1798].</subfield></datafield><datafield ind1=' ' ind2=' ' tag='501'><subfield code='a'>With: Before the Most Noble and Right Honourable the Lords Commissioners of Appeals in Prize Causes : the Schooner Charlotte, Joseph Isreal, master : an appeal from Gibraltar : appendix. [London] : Keating, Brown, and Co., Printers, [1799].</subfield></datafield><datafield ind1=' ' ind2=' ' tag='501'><subfield code='a'>With: Before the Most Noble and Right Honourable the Lords Commissioners of Appeals in Prize Causes : the Schooner Success, John Wainwright, master : (an appeal from St. Christopher&apos;s) J.J. Cremony of the island of St. Bartholomew, merchant, a subject of His Majesty the King of Sweden, the claimant of the cargo, on behalf of himself, the proprietor thereof and J. Wainwright, the master and claimant of the ship, on behalf of the said J.J. Cremony, the proprietor thereof, appellants, against Samuel Tapper, commander of the private ship of war, Scourge, the captor : the appellants&apos; case. [London] : Printed by W. Wilson, [1803].</subfield></datafield><datafield ind1=' ' ind2=' ' tag='501'><subfield code='a'>With: Before the Most Noble and Right Honourable the Lords Commissioners of Appeals in Prize Causes : (an appeal from St. Christopher&apos;s) : the Schooner Success, John Wainwright, master : appendix. [London] : Printed by A. Strahan, [1799].</subfield></datafield><datafield ind1=' ' ind2=' ' tag='501'><subfield code='a'>With: Before the Most Noble and Right Honourable the Lords Commissioners of Appeals in Prize Causes : the Schooner Success, John Wainwright, master : (an appeal from St. Christopher&apos;s) : additional appendix. [London] : Printed by W. Wilson, [1799].</subfield></datafield><datafield ind1=' ' ind2=' ' tag='501'><subfield code='a'>With: Holgar Danske, Smit, master : act on petition on behalf of the owners of the vessel, vessel, Messrs. Duntzfelt and Co., praying freight and expences to be paid to them on giving bail to answer the decree of the Lords Commissioners of Appeals. [London] : Printed by A. Strahan, [1799].</subfield></datafield><datafield ind1=' ' ind2=' ' tag='501'><subfield code='a'>With: Before the Most Noble and Right Honourable the Lords Commissioners of Appeals in Prize Causes : (an appeal from the Vice-Admiralty Court of the Cape of Good Hope) : Holgar Danske, Hans Laurens Smit, master : William White, commander of the private ship of war Harriet, the captor of the said ship, appellant, against Hans Laurens Smit, the master and claimant of the said ship, with freight and expences, on behalf of Messers. Duntzfeldt and Company of Copenhagen, merchants, the owners and proprietors thereof, respondent : case on behalf of the captor and appellant. [London] : Printed by A. Strahan, [1804].</subfield></datafield><datafield ind1=' ' ind2=' ' tag='501'><subfield code='a'>With: Before the Most Noble and Right Honourable the Lords Commissioners of Appeals in Prize Causes : Holger Danske, Hans Laurens Smit, master : William White, commander of the private ship of war Harriett, the captor, appellant, against Messrs. Duntzfelt and Company, of Copenhagen, merchants, the owners of the said ship, her tackle, apparel and furniture, respondents : case on behalf of the respondents. [London] : Printed by A. Strahan, [1804].</subfield></datafield><datafield ind1=' ' ind2=' ' tag='501'><subfield code='a'>With: Before the Most Noble and Right Honourable the Lords Commissioners of Appeals in Prize Causes : (an appeal from the Vice-Admiralty Court of the Cape of Good Hope) : Holger Danske, Hans Laurens Smit, master : appendix to the cases of the appellant and respondent. [London] : Printed by A. Strahan, [1804].</subfield></datafield><datafield ind1=' ' ind2=' ' tag='501'><subfield code='a'>With: Before the Most Noble and Right Honourable the Lords Commissioners of Appeals in Prize Causes : the Commerce, Jonathan Neall, master : an appeal from St. Vincent&apos;s : further proofs. [London] : Keating, Brown and Keating, Printers, [1799].</subfield></datafield><datafield ind1=' ' ind2=' ' tag='501'><subfield code='a'>With: Before the Most Noble and Right Honourable the Lords Commissioners of Appeals in Prize Causes : the Aurora, Henry Dickson, master : John Hefferman, the supercargo and claimant of the general cargo laden on board said ship, on behalf of Messrs. Barry, Cole, and Barry, of Baltimore, merchants, the owners thereof, appellant against Robert Waller Orway, Esq., commander of His Majesty&apos;s ship of war Trent and Robert Philpot, Esq., commander of His Majesty&apos;s ship Echo, respondents : an appeal from Vice-Admiralty Court of Jamaica : appellant&apos;s case. [London : s.n., 1800].</subfield></datafield><datafield ind1=' ' ind2=' ' tag='501'><subfield code='a'>With: Before the Most Noble and Right Honourable the Lords Commissioners of Appeals in Prize Causes : (an appeal from the Vice-Admiralty Court of the Island of Jamaica) : the Aurora, Henry Dickson, master : John Hefferman, the supercargo and claimant of the general cargo laden of board the said ship, on behalf of Messrs. Barry, Cole, and Barry, of Baltimore, merchants, citizens of the United States of America, appellant, against Robert Waller Otway, Esquire, commander of His Majesty&apos;s ship of war Trent and Robert Philpott, Esquire, commander of His Majesty&apos;s ship of war Echo, the captors of the said ship and cargo and James Heseltine, Esquire, His Majesty&apos;s procurator-general respondents : case on behalf of the respondents. [London] : Printed by A. Strahan, [1803].</subfield></datafield><datafield ind1=' ' ind2=' ' tag='501'><subfield code='a'>With: Before the Most Noble and Right Honourable the Lords Commissioners of Appeals in Prize Causes : the Aurora, Henry Dickson, master : appendix. [London : s.n., 1804].</subfield></datafield><datafield ind1=' ' ind2=' ' tag='501'><subfield code='a'>With: Before the Most Noble and Right Honourable the Lords Commissioners of Appeals in Prize Causes : Frederick, Samuel Shaw, master : Samuel Shaw, the master and Thomas Bashford, passenger on board the said ship, claimants of part of the specie laden on board the same, on behalf of Lee and Hatton, John B. La Grave, Stephen Paranque and John Desdoity, all of the city of New York, appellants, against Henry Tucker, commander of the private ship of war Lark, the captor, respondent, on the appeal from the Vice-Admiralty Court of New Providence : appellants&apos; case. [London] : Brooke, printer, [1803].</subfield></datafield><datafield ind1=' ' ind2=' ' tag='501'><subfield code='a'>With: Before the Most Noble and Right Honourable the Lords Commissioners of Appeals in Prize Causes : (appeal from New Providence) : Frederick, Samuel Shaw, master : Samuel Shaw, the master and Thomas Bashford, a passenger, claimants of, amongst other things, part of the specie laden on board this ship, as the property of Messrs. Lee and Hatton, John B. La Grave, Stephen Parenque and John Des Doyty, described respectively, of New York and American citizens, appellants, against Henry Tucker, commander of the private ship of war Lark, the captor of the said ship and goods, respondent : respondent&apos;s case. [London] : Printed by A. Strahan, [1803].</subfield></datafield><datafield ind1=' ' ind2=' ' tag='501'><subfield code='a'>With: Before the Most Noble and Right Honourable the Lords Commissioners of Appeal in Prize Causes : Frederick, Samuel Shaw, master : appendix. [London] : Brooke, printer, [1803].</subfield></datafield><datafield ind1=' ' ind2=' ' tag='501'><subfield code='a'>With: Before the Most Noble and Right Honourable the Lords Commissioners of Appeal in Prize Causes : the Sun, Ahlert Haar, master : (an appeal from Jamaica), H.H. Bley, the supercargo and the cargo laden on board the said ship, at the time of the capture thereof, as Bremen property and expences, on behalf of the proprietor of the ship, respectively subjects of the free imperial city of Bremen, appellants, against - Black, Esq., commander of His Majesty&apos;s ship Pickle and Hezekiah Frith, commander of the private ship of war Experiment, the captors and James Heseltine, Esq., His Majesty&apos;s procurator general, respondents : appellants&apos; case. [London] : Printed by W. Wilson, [1803].</subfield></datafield><datafield ind1=' ' ind2=' ' tag='501'><subfield code='a'>With: Before the Most Noble and Right Honourable the Lords Commissioners of Appeal in Prize Causes : (an appeal from the Vice-Admiralty Court of the Island of Jamaica) : the Sun, Ahlert Haar, master : Henry Herman Bley, the supercargo and claimant of the cargo, on behalf of John Bley and others of Bremen, merchants, subjects of the free imperial city of Bremen and Ahlert Haar, the master and claimant of freight and expences for the said ship, on behlf of the owners thereof, George Henry Norwich and other of Bremen aforesaid, merchants, against - Black, Esquire, commander of His Majesty&apos;s armed schooner Pickle and Hezekiah Frith, commander of the private ship of war Experiment, the captors of the said ship and cargo and James Heseltine, Esquire, His Majesty&apos;s procurator-general, respondents : case on behalf of the respondents. [London] : Printed by A. Strahan, [1803].</subfield></datafield><datafield ind1=' ' ind2=' ' tag='501'><subfield code='a'>With: Before the Most Noble and Right Honourable the Lords Commissioners of Appeal in Prize Causes : (an appeal from Nova Scotia) : the Brig Sun, Ahlert Haar, master : joint appendix. [London] : Wright, printer, [1803].</subfield></datafield><datafield ind1=' ' ind2=' ' tag='501'><subfield code='a'>With: Before the Most Noble and Right Honourable the Lords Commissioners of Appeal in Prize Causes : the Brig Sun, Ahlert Haar, master : (an appeal from Nova Scotia) : additional appendix. [London] : Printed by W.Wilson, [1803].</subfield></datafield><datafield ind1=' ' ind2=' ' tag='501'><subfield code='a'>With: Before the Most Noble and Right Honourable the Lords Commissioners of Appeal in Prize Causes : the Schooner, Orion, William Stevenson, master : the said William Stevenson, the master and claimant of the said schooner, as the property of Lepold Netnagle and Frederick Montollin, of the city of Philadelphia, merchants and claimant of the cargo on behalf of the said Lepold Notnagle, Frederick Montmollin, Peter Anpoix, of the city of New York, merchant and himself the said master, appellant, against William Chilcot, Esq., commander of His Majesty&apos;s ship Adventure, respondent : on an appeal from the Vice-Admiralty Court of Jamica : appellant&apos;s case. [London] : Printed by C. Rickaly, [1803].</subfield></datafield><datafield ind1=' ' ind2=' ' tag='501'><subfield code='a'>With: Before the Most Noble and Right Honourable the Lords Commissioners of Appeal in Prize Causes : (an appeal from the Vice-Admiralty Court of the Island of Jamaica) : the Orion, William Stevenson, master : William Stevenson, the master and claimant of the said ship and general cargo, on behalf of Leopold Nootnagle and Frederick Montmollin, described of Philadelphia, merchants and of certain goods on behalf of Peter Aupoix, described of New York and citizens of the United States of America, the asserted sole owners and proprietors thereof, appellant, against William Chilcott, Esquire, His Majesty&apos;s Heseltine, Esquire, His Majesty&apos;s procurator-general, respondents : case on behalf of the respondents. [London] : Printed by A. Strahan, [1803].</subfield></datafield><datafield ind1=' ' ind2=' ' tag='501'><subfield code='a'>With: Before the Most Noble and Right Honourable the Lords Commissioners of Appeal in Prize Causes : the Orion, William Stevenson, master : appendix. [London] : Printed by C. Rickaby, [1803].</subfield></datafield><datafield ind1=' ' ind2=' ' tag='501'><subfield code='a'>With: Before the Most Noble and Right Honourable the Lords Commissioners of Appeal in Prize Causes : Orion, William Stevenson, master : additional appendix. [London] : Printed by A. Strahan, [1803].</subfield></datafield><datafield ind1=' ' ind2=' ' tag='501'><subfield code='a'>With: Before the Most Noble and Right Honourable the Lords Commissioners of Appeal in Prize Causes : Pomona, Freerk Ernst, master : first appeal of claimants : Freerk Ernst, master of the said ship and George Frederick Ohlerich, the supercargo, the claimants of the cargo laden in the said ship, with demurrage, costs and damages, appellants, against John Loring, Esquire, commander of His Majesty&apos;s ship and cargo, by them taken and carried to the island of Jamica, respondents : second appeal of captors : the said John Loring, Thomas Boys, John Wentworth Loring and Baker, Esquires, the captors of the said ship and cargo, appellants, against the said Freerk Ernst and George Frederick Ohlerich, the claimants, respondents : case on behalf of the said Freerk Ernst and George Frederick Ohlerich. [London] : G. Woodfall, printer, [1803].</subfield></datafield><datafield ind1=' ' ind2=' ' tag='501'><subfield code='a'>With: Before the Most Noble and Right Honourable the Lords Commissioners of Appeal in Prize Causes : (an appeal from the Vice-Admiralty Court of the Island of Jamaica) : the Pomona, Freerk Ernst, master : appeal of the claimant : George Frederick Ohlerick, the supercargo and claimant of the cargo of the said ship, on behalf of Messrs. De Chaperaurouge and Urgulla, of the free imperial city of Hamburgh, merchants, appellant, against John Loring, Esquire, commander of His Majesty&apos;s ship of war Carnatic, Thomas Boys, Esquire, commander of His Majesty&apos;s ship of war Acquilon, John Wentworth Loring, Esquire, commander of His Majesty&apos;s ship of war Lark and Baker, Esq., commander of His Majesty&apos;s ship of war Calypso, the captors of the said ship and cargo and James Heseltine Esquire, His Majesty&apos;s procurator-general, respondents : appeal of the captors : the said John Loring, Thomas Boys, John Wentworth Loring, Baker and James Heseltine Esquires, appellants, against Freerk Ernst, the master and claimant of Freight, on behalf of the owners of the said ship, respondent : case on behalf of the captors. [London] : Printed by A. Strahan, [1804].</subfield></datafield><datafield ind1=' ' ind2=' ' tag='501'><subfield code='a'>With: Before the Most Noble and Right Honourable the Lords Commissioners of Appeal in Prize Causes : (appeal from Jamaica) : Pomona, F. Ernst, master : (appeal as to freight) : James Heseltine Esquire, His Majesty&apos;s procurator-general, on behalf of Our Soverign Lord the King and John Loring Esquire, commander of His Majesty&apos;s ship of war Carnatic, Thomas Boyes, Esquire, commander of His Majesty&apos;s ship of war Acquilla, John Wentworth Loring Esquire, commander of His Majesty&apos;s ship of war Lark and Baker, Esquire, commander of His Majesty&apos;s ship of war Calypso, the captors of the said ship and goods, appellants, against Freerk Ernst, the master and claimant of the said ship, on behalf of the neutral owners and proprietors thereof, with freight, demurrage and expences, respondent : respondent&apos;s case. [London] : Printed by A. Strahan, [1803].</subfield></datafield><datafield ind1=' ' ind2=' ' tag='501'><subfield code='a'>With: Before the Most Noble and Right Honourable the Lords Commissioners of Appeals in Prize Causes : Pomona, Freerk Ernst, master : an appeal from Jamaica : joint appendix. [London : s.n., 1800].</subfield></datafield><datafield ind1=' ' ind2=' ' tag='501'><subfield code='a'>With: Before the Most Noble and Right Honourable the Lords Commissioners of Appeals in Prize Causes : Speculation, Jan Roelofs, master : Jan Roelofs, the master and claimant of the ship, her tackle, apparel and furniture and 177 casks sugar, 601 bales 39 coffee, 20 1/2 bales cotton, 9 casks nails, 5 casks blue, and 27 bags broken coffee on behalf of Geo. Simon Dede, of Altona, merchant, the sole owner of the said ship and goods and also claimant of 408 bales coffee and 20 bales cotton, on behalf of O.J. Laurin, of Hamburgh, merchant, the sole owner thereof and likewise claimant of his the said master&apos;s private adventure, consisting of 15 cosks 67 bags coffee 1 bale cotton and 10 bags rigah (or presents) on board at the capture, appellant, against Henry Wainwright, commander of the private ship of war, Thomas, the capture, respondent : act on petition of all proctors in objection to the registrar&apos;s report, with affidavits &amp;c. [London] : Printed by A. Strahan, [1803].</subfield></datafield><datafield ind1=' ' ind2=' ' tag='501'><subfield code='a'>With: Before the Most Noble and Right Honourable the Lords Commissioners of Appeals in Prize Causes : the Olive Branch, William Bryant, master : an appeal from the High Court of Admiralty of England in Allen, Esquire, of Colchester, in the state of Vermont, a citizen of the United States of America, claimant and the true, lawful and sole owner and proprietor of the cargo laden on board the said ship, claimant and appellant, against Davidge Could, Esq., commander of His Majesty&apos;s ship of war Audacious and James Heseltine, Esquire, His Majesty&apos;s procurator-general, captor and respondents : case for the hearing on the further proof by plea and proof on behalf of the claimant. [London] : Keating, Brown and Keating, Printers, [1803].</subfield></datafield><datafield ind1=' ' ind2=' ' tag='501'><subfield code='a'>With: Before the Most Noble and Right Honourable the Lords Commissioners of Appeals in Prize Causes : the Olive Branch, William Bryant, master : Ira Allen, Esq., of Colchester, in the state of Vermont, a citizen of the United States of America, claimant of the cargo of the said ship, on behalf of himself the sole owner and proprietor thereof, claimant and appellant, against Davidge Could, Esq., commander of His Majesty&apos;s ship Audacious, the captor of the said and cargo, captor and respondent : further proofs. [London] : Keating, Brown and Keating, Printers, [1803].</subfield></datafield><datafield ind1=' ' ind2=' ' tag='501'><subfield code='a'>With: Before the Most Noble and Right Honourable the Lords Commissioners of Appeals in Prize Causes : the Mary Ann, J.B. Rainaud, master : (an appeal from Jamaica) : J.B. Tainaud, the master and claimant of the cargo (including 6500 dollars in specie) on behalf of Messrs. James Hazzell and Co., of the island of St. Thomas, subjects of His Majesty the King of Denmark, the sole owners thereof, applicant from the consideration of the said 6500 dollars, against Francis Vesey, Esq., commander of His Majesty&apos;s brig Amurinth, the captor and James Heseltine, Esq., His Majesty&apos;s procurator general, respondents : the said Francis Vesey and James Heseltine, appellants from the restitution of the general cargo, against the said J.B. Tainaud, the claimant, respondent for the hearing on further proof of the property of the said 6500 dollars. [London] : Wright, printer, [1803].</subfield></datafield><datafield ind1=' ' ind2=' ' tag='501'><subfield code='a'>With: Before the Most Noble and Right Honourable the Lords Commissioners of Appeals in Prize Causes : the Louisa Augusta, L. Kerringdongo, master : (an appeal from Tortola) : case and appendix on the part of the claimant : for the hearing on further proof of the property of the ship and cargo. [London] : Wright, Printer, [1797].</subfield></datafield><datafield ind1=' ' ind2=' ' tag='501'><subfield code='a'>With: Before the Most Noble and Right Honourable the Lords Commissioners of Appeals in Prize Causes : the Mood en Haab, Christen Ellefsen, master : act on petition of both proctors in objection to the registrar&apos;s report as to freight. [London] : Printed by W. Wilson, [1803].</subfield></datafield><datafield ind1=' ' ind2=' ' tag='501'><subfield code='a'>With: Before the Most Noble and Right Honourable the Lords Commissioners of Appeals in Prize Causes : the Minerva, Christian Suenonius, master : act on petition. [London : s.n., 1803].</subfield></datafield><datafield ind1=' ' ind2=' ' tag='501'><subfield code='a'>With: Before the Most Noble and Right Honourable the Lords Commissioners of Appeals in Prize Causes : the Minerva, Christian Suenonius, master : attestations of Andrew Belcber. [London] : Printed by A. Strahan, [1803].</subfield></datafield><datafield ind1=' ' ind2=' ' tag='501'><subfield code='a'>With: Before the Most Noble and Right Honourable the Lords Commissioners of Appeals in Prize Causes : the Gadsden, Thomas Rodman Gardner, master : Frederick Kohne, of Charlestown, in South Carolina, merchant, a citizen of the United States of America, claimant of the said ship and her whole cargo, as his true, lawful and sole property, appellant, against William Skipskey, Esq., commander of His Majesty&apos;s ship of war Pheasant, respondent : an appeal from the Vice-Admiralty Court of Nova Scotia : appellant&apos;s case. [London] : I. and I. Walter, [1803].</subfield></datafield><datafield ind1=' ' ind2=' ' tag='501'><subfield code='a'>With: Before the Most Noble and Right Honourable the Lords Commissioners of Appeals in Prize Causes : (an appeal from the Vice-Admiralty Court of Halifax) : the Gadsden, Thomas Rodman Gardner, master : Frederick Kohne of Charlestown, in the state of South Carolina, merchat, a citizen of the United States of America, claimant of the said ship and cargo, as his own property, appellant, against William Skipsey, Esquire, commander of His Majesty&apos;s ship of war Pheasant, the captor of the said ship and cargo and James Heseltine, Esquire, His Majesty&apos;s procurator general, respondents. [London] : Printed by A. Strahan, [1803].</subfield></datafield><datafield ind1=' ' ind2=' ' tag='501'><subfield code='a'>With: Before the Most Noble and Right Honourable the Lords Commissioners of Appeals in Prize Causes : the Gadsden, T.R. Gardner, master : appendix. [London] : Printed by I. and I. Walter, [1803].</subfield></datafield><datafield ind1=' ' ind2=' ' tag='501'><subfield code='a'>With: Before the Most Noble and Right Honourable the Lords Commissioners of Appeals in Prize Causes : Neustadt, Adrien Alberts, master : further proof of the property of the goods claimed by D. Willink, Junr. [London] : Wright, printer, [1804].</subfield></datafield><datafield ind1=' ' ind2=' ' tag='501'><subfield code='a'>With: Before the Most Noble and Right Honorable the Lords Commissioners of Appeals in Prize Causes : Union, George Pilsbury, master : an appeal from Jamaica : further proofs. [London] : Brooke, printer, [1804].</subfield></datafield><datafield ind1=' ' ind2=' ' tag='501'><subfield code='a'>With: Before the Most Noble and Right Honorable the Lords Commissioners of Appeals in Prize Causes : Maria And Eliza, Widdiam Downe, master : further proof. [London] : Printed by M. and S. Brooke, [1804].</subfield></datafield><datafield ind1=' ' ind2=' ' tag='501'><subfield code='a'>With: Before the Most Noble and Right Honorable the Lords Commissioners of Appeals in Prize Causes : (an appeal from Halifax) : Susannah, Alexander Combes, master : Alexander Combes, the master and claimant of the ship and cargo, as the property of Casmir Delavigne of the city and state of New York, Merchant, a citizen of the United States of America, appellant, against John Fillis, one of the partners in the House of Trade of Messrs. Fillis, Boyd, and Fillis of Halifax, merchants, British subjects, for the ship as the property of his said House of Trade, as being a British recaptured ship formerly belonging to them and also against Jones Fawson, Esquire, commander of His Majesty&apos;s armed Snow Earl of Moira, the captor and James Heseltine, Esquire, His Majesty&apos;s procurator-general, respondents. [London] : Printed by A. Strahan, [1804].</subfield></datafield><datafield ind1=' ' ind2=' ' tag='501'><subfield code='a'>With: Before the Most Noble and Right Honourable the Lords Commissioners of Appeals in Prize Causes : (an appeal from the Vice-Admiralty Court of Halifax) : the Susannah, Alexander Combs, master : Alexander Combs, the master and claimant of the said ship and cargo on behalf of Casimer Delavigne, described of the city of New York, merchant and citizen of the United States of America, appellant, against Jones Fawson, Esquire, commanderof His Majesty&apos;s armed Snow the Earl of Moira, the captor of the said ship and cargo and James Heseltine, Esquire, His Majety&apos;s procurator general, respondents and John Fillis of Halifax, merchant, claimant of the said ship, on himself, John Boyd, and Thomas Fillis, of the same place, merchants, carrying on trade under the firm of Fillis, Boyd, and Fillis, respectively subjects of Our Sovereign Lord the King, interventing : the respondents&apos; case. [London] : Printed by A. Strahan, [1804].</subfield></datafield><datafield ind1=' ' ind2=' ' tag='501'><subfield code='a'>With: Before the Most Noble and Right Honorable the Lords Commissioners of Appeals in Prize Causes : Susannah, Alexander Combes, master : Alexander Combes, the master and claimant of the said Brig Antine and cargo, as American property, appellant, Jones Fawson, Esq., commander of His Majesty&apos;s armed cutter Earl of Mokda and James Heseltine, Esq., His Majesty&apos;s procurator general, respondents : John Fillis, one of the partners in the House of Trade of Fillis, Boyd, and Fillis, of Halifax, merchants, claimant of the said Brig Antine on behalf of himself and his said partners, as the British owners therof, intervener : case for hearing on behalf of the intervener. [London] : Brooke, printer, [1804].</subfield></datafield><datafield ind1=' ' ind2=' ' tag='501'><subfield code='a'>With: Before the Most Noble and Right Honourable the Lords Commissioners of Appeals in Prize Causes : (an appeal from Halifax) : Susannah, Alexander Combes, master : appendix. [London] : Printed by A. Strahan, [1804].</subfield></datafield><datafield ind1=' ' ind2=' ' tag='501'><subfield code='a'>With: Before the Most Noble and Right Honourable the Lords Commissioners of Appeals in Prize Causes : (an appeal from Tortola) : the sandrigtigheid, Christen Aarss, master : Christen Aarss, the master and claimant of the ship and cargo, on behalf of Messrs. De Coninck and Co., of Copenhagen, merchants, subjects of His Majesty the King of Denmark, the sole owners thereof, appellant, Charles O&apos;Brien, commander of the private ship of war Teazer, the captor, respondent : the appellant&apos;s case. [London : s.n., 1801].</subfield></datafield><datafield ind1=' ' ind2=' ' tag='501'><subfield code='a'>With: Before the Most Noble and Right Honourable the Lords Commissioners of Appeals in Prize Causes : the Sandrigtigheid, Christen Aarss, master : (an appeal from Tortola) : Christen Aarss, the master and claimant of the ship and cargo, on behalf of Messrs. De Coninck and Co., of Copenhagen, merchants, subjects of His Majesty the King of Denmark, the sole owners thereof, appellant, against Charles O&apos;Brien, commander of the private ship of war, Teazer, the captor, respondents : additional case on the part of the appellant. [London] : Printed by W. Wilson, [1803].</subfield></datafield><datafield ind1=' ' ind2=' ' tag='501'><subfield code='a'>With: Before the Most Noble and Right Honorable the Lords Commissioners of Appeals in Prize Causes : Sandrigtigheid, Christen Aarss, master : Christen Aarss, the master and claimant of the ship and cargo, as the property of Messrs. De Coninck and Co., described of Copenhagen, merchants, subjects of His Majesty the King of Denmark, appellant, Christen Aarss, the master and claimant of the ship and cargo, as the property of Messrs. De Coninck and Co., described of Copenhagen, merchants, subjects of His Majesty the King of Denmark, appellant, Charles O&apos;Brien, commander of the private ship of war Teazer, the captor, respondent : on an appeal from the Vice-Admiralty Court at Tortola : respondent&apos;s case. [London] : Printed by M. and S. Brooke, [1803].</subfield></datafield><datafield ind1=' ' ind2=' ' tag='501'><subfield code='a'>With: Before the Most Noble and Right Honourable the Lords Commissioners of Appeals in Prize Causes : (an appeal from Tortola) : the Sandrigtigheid, Christian Aarss, master : joint-appendix. [London] : Hamblia, printer, [1803].</subfield></datafield><datafield ind1=' ' ind2=' ' tag='501'><subfield code='a'>With: Before the Most Noble and Right Honourable the Lords Commissioners of Appeals in Prize Causes : the Sandrigtigheid, Christen Aarss, master : (an appeal from Tortola) : additional appendix on the part of the appellant. [London] : Printed by W. Wilson, [1803].</subfield></datafield><datafield ind1=' ' ind2=' ' tag='501'><subfield code='a'>With: Before the Most Noble and Right Honourable the Lords Commissioners of Appeals in Prize Causes : (an appeal from Jamaica) : Achilles, Angus Sutherland, master : Achilles Onssroy of Kingston, Jamaica, late supercargo, Edward William Purcell, Leon Worms, J.P. Hanbury, Colin Campbell and John O&apos;Hara, of the same place, merchants, claimants of the ship cargo and specie, appellants, against John Ferrier, Esquire, commander of His Majesty&apos;s ship of war York, the captor of the said ship and goods and James Heseltine, Esquire, His Majesty&apos;s procurator-general, respondents, appellants&apos; case. [London] : Printed by A. Strahan, [1803].</subfield></datafield><datafield ind1=' ' ind2=' ' tag='501'><subfield code='a'>With: Before the Most Noble and Right Honourable the Lords Commissioners of Appeals in Prize Causes : (an appeal from the Vice-Admiralty Court of the Island of Jamaica) : the Achilles, Angus Sutherland, master : Achilles Onssroy the supercargo and claimant of part of the cargo as his own property, Colin Campbell and John O&apos;Hara, claimants of the ship and part of the cargo as their property and Leon Worms, claimant of a further part of the cargo, respectively inhabitants of the island of Jamaica and subjects of Our Sovereign Lord the King, appellants, against John Ferrier, Esquire, commander of His Majesty&apos;s, ship of war York, the captor of the said ship and cargo and James Heseltine, Esquire, His Majesty procurator general, respondents : case on behalf of the respondents. [London] : Printed by A. Strahan, [1803].</subfield></datafield><datafield ind1=' ' ind2=' ' tag='501'><subfield code='a'>With: Before the Most Noble and Right Honourable the Lords Commissioners of Appeals in Prize Causes : (an appeal from Jamaica) : Achilles, Angus Sutherland, master : appendix. [London] : Printed by A. Strahan, [1803].</subfield></datafield><datafield ind1=' ' ind2=' ' tag='501'><subfield code='a'>With: Before the Most Noble and Right Honourable the Lords Commissioners of Appeals in Prize Causes : the Achilles, Angus Sutherland, master : ship papers omitted in the joint appendix. [London] : Printed by A. Strahan, [1803].</subfield></datafield><datafield ind1=' ' ind2=' ' tag='501'><subfield code='a'>With: Before the Most Noble and Right Honourable the Lords Commissioners of Appeals in Prize Causes : the Gracy, Noah Swain, master : (an appeal from Jamaica) : Noah Swain, the master, claimant of the ship and cargo, on behalf of Messrs. Rogers and Owings, of Baltimore, citizens of the United States of America, the sole owners thereof, appellant, against I.P. Forster, Esq., commander of His Majesty&apos;s ship Retaliation, the captor and James Heseltine, Esq., His Majesty&apos;s procurator general, respondents : the appellants case. [London] : Printed by W. Wilson, [1803].</subfield></datafield><datafield ind1=' ' ind2=' ' tag='501'><subfield code='a'>With: Before the Most Noble and Right Honourable the Lords Commissioners of Appeals in Prize Causes : (an appeal from the Vice-Admiralty Court of the Island of Jamaica) : the Gracy, Noah Swain, master : Noah Swain, the master and claimant of the said ship and cargo, on behalf of Messrs. Rogers and Owings of Baltimore, merchants, citizens of the United States of America, the asserted sole owners and proprietors thereof, appellant, against Samuel Peter Forster, Esquire, commander of His Majesty&apos;s ship of war Retaliation, the captor of the said ship and cargo and James Heseltine, Esquire, His Majesty&apos;s procurator-general, respondents : case on behalf of the respondents. [London] : Printed by A. Strahan, [1803].</subfield></datafield><datafield ind1=' ' ind2=' ' tag='501'><subfield code='a'>With: Before the Most Noble and Right Honourable the Lords Commissioners of Appeals in Prize Causes : the Gracy, Noah Swain, master : (an appeal from Jamaica) : joint appendix. [London] : Wright, printer, [1803].</subfield></datafield><datafield ind1=' ' ind2=' ' tag='501'><subfield code='a'>With: Before the Most Noble and Right Honorable the Lords Commissioners of Appeals in Prize Causes : Christopher Kahrseshaab, Peter Greve Bredahl, master : appeal of Mr.Dick : Quintin Dick, of London, merchant, claimant of the cargo, on behalf of William Ruan and William H. Krause, of the island of St. Croix, merchants and subjects of the King of Denmark, appellant, against the Honorable Thomas Bladen Capell, commander of His Majesty&apos;s ship of war Mellager, Cornelius Quinton, Esq., commander of His Majesty&apos;s ship of war La Legere and John Browning Edwards, Esq., commander of His Majesty&apos;s ship of war Nimrod, the captors and James Heseltine, Esq., His Majesty&apos;s procurator general, respondents, on an appeal from the Vice-Admiralty Court of Jamaica : appellant&apos;s case. [London] : Printed by M. and S. Brooke, [1803].</subfield></datafield><datafield ind1=' ' ind2=' ' tag='501'><subfield code='a'>With: Before the Most Noble and Right Honourable the Lords Commissioners of Appeals in Prize Causes : Christopher Kahrseshaab, Peter Greve Bredahl, master : appeal of the master : the said Peter Greve Bredahl, the master, claimant of the said ship and freight, on behalf of Christopher Kahrs, of Bergen, merchant and a subject of the King of Denmark, appellant, against the Hon. Thomas B. Capell, commander of His Majesty&apos;s ship of war Meleager, Cornelius Quinton, Esq., commander of His Majesty&apos;s ship of war La Legere and John Browning Edwards, Esq., commander of His Majesty&apos;s ship of war Nimrod, the captors and James Heseltine, Esq., His Majesty&apos;s procurator general, respondents : on an appeal from the Vice-Admiralty Court of Jamaica : appellant&apos;s case. [London] : Brooke, printer, [1803].</subfield></datafield><datafield ind1=' ' ind2=' ' tag='501'><subfield code='a'>With: Before the Most Noble and Right Honourable the Lords Commissioners of Appeals in Prize Causes : (an appeal from the Vice-Admiralty Court of the Island of Jamaica) : Christopher Kahreshaab, Peter Greve Bredahl, master : Quintin Dick, of London, merchant, claimant of the cargo, on behalf of William Ruan and William Krause, of the island of St.Croix, merchants and subjects of His Majesty the King of Denmark, the asserted sole owners and proprietors thereof and Peter Greve Bredahl, the master, claiming freight for the transportation of the said cargo, on behalf of Christopher Kahrsses of Bergen, in Norway, merchant, a subject of His said Danish Majesty, the proprietor of the said ship, appellants, against the Honourable Thomas Bladen Capel, commander of His Majesty&apos;s ship of war Meleager, the captor of the said ship and cargo and James Heseltine, Esquire, His Majesty&apos;s procurator-general, respondents : case on behalf of the respondents. [London] : Printed by A. Strahan, [1803].</subfield></datafield><datafield ind1=' ' ind2=' ' tag='501'><subfield code='a'>With: Before the Most Noble and Right Honorable the Lords Commissioners of Appeals in Prize Causes : Christopher Kahrseshaab, Peter Greve Bredahl, master : appendix. [London] : Brooke, printer, [1803].</subfield></datafield><datafield ind1=' ' ind2=' ' tag='501'><subfield code='a'>With: Before the Most Noble and Right Honourable the Lords Commissioners of Appeals in Prize Causes : Christopher Kahreshaab, P.G. Bredahl, master : additional appendix. [London] : Printed by A. Strahan, [1803].</subfield></datafield><datafield ind1=' ' ind2=' ' tag='501'><subfield code='a'>With: In His Majesty&apos;s High Court of Appeals for Prizes Schooner Henry, John Hancock, master : John M&apos;Burnie, of the island of Grenada, merchant, the claimant, on behalf of Robert M&apos;Burnie, late of the same island, merchant and John Dawson, of Liverpool, in Great Britain, merchant, the sole owners of the said schooner and the cargo laden therein, appellant, against James Athol Wood, Esq., commander of His Majesty&apos;s ship the Favorite, the captor of the said schooner and cargo, by him taken and carried to the island of Grenada, respondent : case on behalf of the claimant and appellant. [London] : G. Woodfall, [1803].</subfield></datafield><datafield ind1=' ' ind2=' ' tag='501'><subfield code='a'>With: Before the Most Noble and Right Honorable the Lords Commissioners of Appeals in Prize Causes : (an appeal from the Court of Vice-Admiralty of the Island of Grenada) : Henry, John Hancock, master : John M&apos;Burnie, of the island of Grenada, merchant, claimant of the said ship and cargo, on behalf of Robert M&apos;Burnie, of the same Island merchant and John Dawson, of Liverpool, merchant, respectively subject of Our Sovereign Lord the King, appellant, against James Athol Wood, Esquire, commander of His Majesty&apos;s sloop of war Favorite, the captor of the said ship and cargo and James Hesltine, Esquire, His Majesty&apos;s procurator-general, respondents. [London] : Printed by A. Strahan, [1803].</subfield></datafield><datafield ind1=' ' ind2=' ' tag='501'><subfield code='a'>With: In His Majesty&apos;s High Court of Appeals : appeal from Grenada : Schooner Henry, John Hancock, master : appendix. [London] : G. Woodfall, printer, [1799].</subfield></datafield><datafield ind1=' ' ind2=' ' tag='501'><subfield code='a'>With: Before the Most Noble and Right Honourable the Lords Commissioners of Appeals in Prize Causes : the Eliza and Mary, Henry Reed, master : (an appeal from Nova Scotia) : David Knox, of the Circus, Minories, in the country of Middlesex, a natural-born liege subject of Our Sovereign Lord the King, one of the partners in the House of Trade acting under the firm of Knox, Henderson, and Co., of Philadephia, all, except the said David Knox, citizens of the United States of America, and resident therein, claimant of 65 bales cotton marked k &amp; h, laden on board the said ship on behalf of the said House of Trade, the sole owners thereof, also the said David Knox, claimant of 41 bales cotton, marked y, on behalf of James Yard, of Philadelphia, a citizen of the Unites States of America, the sole owner thereof and of 13 bales cotton, marked y p &amp; k, on behalf of the said James Yard and of Messrs. Pratt and Kentzing, likewise of Philadelphia, citizens of the said United States the sole owners thereof appellant, against J.O. Hardy, Esq., commander of His Majesty&apos;s ship St. Alban&apos;s the captor and James Heseltine, Esq., His Majesty&apos;s procurator general, respondents : case for the hearing. [London] : Printed by W. Wilson, [1804].</subfield></datafield><datafield ind1=' ' ind2=' ' tag='501'><subfield code='a'>With: Before the Most Noble and Right Honourable the Lords Commissioners of Appeals in Prize Causes : (an appeal from the Vice-Admiralty Court of Halifax) : the Eliza and Mary, Henry Reeds, master : David Knox of the circus, minories, in the country of Middlesex, merchant, a subject of Our Sovereign Lord the King, one of the partners in the House of Trade acting under the firm of Knox, Henderson, and Co., of Philadelphia, merchants, all except himself, citizens of the United States of America, claimant of 65 bales of cotton, part of the cargo, on behalf of his said House of Trade, of 41 bales of cotton on behalf of James Yard of Philadelphia, merchant and of 13 bales of cotton on behalf of the said James Yard and the Messrs. Pratt and Kentzing of the same place, merchants, respectively citizens of the said United States, the asserted sole owners and proprietors of the said good, appellant, against John Oaks Hardy, Esquire, commander of His Majesty&apos;s ship of war St. Albans, the captor of the said ship and cargo and James Heseltine, Esquire, His Majesty&apos;s procurator-general, respondents : case on behalf of the respondents. [London] : Printed by A. Strahan, [1801].</subfield></datafield><datafield ind1=' ' ind2=' ' tag='501'><subfield code='a'>With: Before the Most Noble and Right Honourable the Lords Commissioners of Appeals in Prize Causes : Eliza and Mary, Henry Reed, master : (an appeal from Nova Scotia) : joint appendix. [London] : Printed by J. Wright, [1800].</subfield></datafield><datafield ind1=' ' ind2=' ' tag='501'><subfield code='a'>With: Before the Most Noble and Right Honorable the Lords Commissioners of Appeals in Prize Causes : Creole or Creolen, Eric Barkman, master : William Brade and James Protter Lockhart, of the island of St. Bartholomew, merchants and copartners, claimants of the cargo, on behalf and as the true and lawful property of Samuel Augustus Bonnet, of the island of St. Bartholomew, merchant, a subject of His Majesty the King of Sweden, appellants, John M&apos;Nimm, commander of the private schooner of war Ladia, the captor, respondent : on an appeal from the Vice-Admiralty Court at Montserrat : appellants case. [London] : Brooke, printer, [1804].</subfield></datafield><datafield ind1=' ' ind2=' ' tag='501'><subfield code='a'>With: Before the Most Noble and Right Honurable the Lords Commissioners of Appeals in Prize Causes : Schooner Creole or Creolen, Eric Barkman, master : appeal from Montserrat : appendix. [London] : Printed by M. and S. Brooke, [1804].</subfield></datafield><datafield ind1=' ' ind2=' ' tag='533'><subfield code='a'>Electronic reproduction.</subfield><subfield code='b'>Farmington Hills, Mich. :</subfield><subfield code='c'>Gale, a part of Cengage Learning,</subfield><subfield code='d'>2007.</subfield><subfield code='n'>Available via the World Wide Web.</subfield><subfield code='n'>Access limited by licensing agreements.</subfield><subfield code='7'>s2007    miunns</subfield></datafield><datafield ind1='1' ind2='0' tag='600'><subfield code='a'>Semper, Dudley,</subfield><subfield code='e'>appellant</subfield><subfield code='v'>Trials, litigation, etc.</subfield></datafield><datafield ind1='1' ind2='0' tag='600'><subfield code='a'>Smith, William</subfield><subfield code='v'>Trials, litigation, etc.</subfield></datafield><datafield ind1=' ' ind2='0' tag='650'><subfield code='a'>Damages</subfield><subfield code='z'>England</subfield><subfield code='z'>London.</subfield></datafield><datafield ind1=' ' ind2='0' tag='650'><subfield code='a'>Trials (Trespass)</subfield><subfield code='z'>England</subfield><subfield code='z'>London.</subfield></datafield><datafield ind1='1' ind2=' ' tag='710'><subfield code='a'>Great Britain.</subfield><subfield code='b'>High Court of Appeals for Prizes.</subfield></datafield><datafield ind1='4' ind2='0' tag='856'><subfield code='u'>http://libproxy.temple.edu/login?url=http://galenet.galegroup.com/servlet/MMLT?af=RN&amp;ae=Q4201749540&amp;srchtp=a&amp;ste=14&amp;Q=temple_main</subfield><subfield code='z'>Full text online</subfield></datafield><datafield ind1=' ' ind2=' ' tag='907'><subfield code='a'>.b41691076</subfield><subfield code='b'>w    </subfield><subfield code='c'>-</subfield></datafield><datafield ind1=' ' ind2=' ' tag='902'><subfield code='a'>130412</subfield></datafield><datafield ind1=' ' ind2=' ' tag='998'><subfield code='b'>1</subfield><subfield code='c'>100110</subfield><subfield code='d'>m</subfield><subfield code='e'>m</subfield><subfield code='f'>-</subfield><subfield code='g'>0</subfield></datafield><datafield ind1=' ' ind2=' ' tag='901'><subfield code='a'>4201749540</subfield></datafield><datafield ind1=' ' ind2=' ' tag='902'><subfield code='a'>Trespass.</subfield></datafield><datafield ind1=' ' ind2=' ' tag='903'><subfield code='a'>Great Britain. High Court of Appeals for Prizes.</subfield></datafield><datafield ind1=' ' ind2=' ' tag='904'><subfield code='a'>Semper, Dudley, appellant.</subfield></datafield><datafield ind1=' ' ind2=' ' tag='904'><subfield code='a'>Smith, William.</subfield></datafield><datafield ind1=' ' ind2=' ' tag='905'><subfield code='a'>Civil.</subfield></datafield><datafield ind1=' ' ind2=' ' tag='945'><subfield code='l'>w    </subfield><subfield code='g'>1</subfield></datafield><datafield ind1=' ' ind2=' ' tag='ADM'><subfield code='e'>b41691076-01tuli_inst</subfield><subfield code='d'>ILS</subfield><subfield code='a'>2017-06-20 14:46:28</subfield><subfield code='c'>false</subfield></datafield><datafield ind1=' ' ind2=' ' tag='PRT'><subfield code='a'>53368934380003811</subfield><subfield code='b'>https://sandbox01-na.alma.exlibrisgroup.com/view/uresolver/01TULI_INST/openurl?u.ignore_date_coverage=true&amp;rft.mms_id=991000275979703811</subfield><subfield code='f'>Full text online</subfield><subfield code='9'>Available</subfield><subfield code='d'>MAIN</subfield><subfield code='c'>Making of Modern Law Collection Online</subfield><subfield code='8'>53368934380003811</subfield></datafield></record>